@misc{196CommonBallotDesign2020,
  title = {Common {{Ballot Design Flaws}} and {{How}} to {{Fix Them}} {\textbar} {{Brennan Center}} for {{Justice}}},
  author = {196 and 212},
  year = {2020},
  month = feb,
  urldate = {2024-06-17},
  howpublished = {https://www.brennancenter.org/our-work/research-reports/common-ballot-design-flaws-and-how-fix-them},
  langid = {english}
}

@inproceedings{AccessibleVotingCHI,
  title = {Accessible Voting: One Machine, One Vote for Everyone},
  booktitle = {{{CHI}} '11 Extended Abstracts on Human Factors in Computing Systems},
  author = {Gilbert, Juan E. and Ekandem, Joshua I. and Darnell, Shelby S. and Alnizami, Hanan and Martin, Aqueasha M. and Johnson, Wanda},
  year = {2011},
  series = {Chi Ea '11},
  pages = {517--518},
  publisher = {Association for Computing Machinery},
  address = {New York, NY, USA},
  doi = {10.1145/1979742.1979549}
}

@article{alwinMeasurementValuesSurveys1985,
  title = {The Measurement of Values in Surveys: {{A}} Comparison of Ratings and Rankings},
  author = {Alwin, Duane F and Krosnick, Jon A},
  year = {1985},
  journal = {Public Opinion Quarterly},
  volume = {49},
  number = {4},
  pages = {535--552},
  publisher = {Oxford University Press}
}

@article{amyChatSensing2018,
  title = {Making Sense of Group Chat through Collaborative Tagging and Summarization},
  author = {Zhang, Amy X. and Cranshaw, Justin},
  year = {2018},
  month = nov,
  journal = {Proc. ACM Hum.-Comput. Interact.},
  volume = {2},
  number = {CSCW},
  pages = {196},
  publisher = {Association for Computing Machinery},
  address = {New York, NY, USA},
  doi = {10.1145/3274465},
  articleno = {196},
  issue_date = {November 2018}
}

@misc{AnalysisofOvervotes2016SenattKimballKropfDocx,
  title = {Analysis-of-{{Overvotes-2016-Senatt-Kimball-Kropf}}.Docx},
  urldate = {2024-06-17},
  howpublished = {https://view.officeapps.live.com/op/view.aspx?src=https\%3A\%2F\%2Fcivicdesign.org\%2Fwp-content\%2Fuploads\%2F2016\%2F04\%2FAnalysis-of-Overvotes-2016-Senatt-Kimball-Kropf.docx\&wdOrigin=BROWSELINK}
}

@article{andreTooMuchChoice2017,
  title = {Too Much Choice, Too Little Impact: A Multilevel Analysis of the Contextual Determinants of Preference Voting},
  shorttitle = {Too Much Choice, Too Little Impact},
  author = {Andr{\'e}, Audrey and Depauw, Sam},
  year = {2017},
  month = may,
  journal = {West European Politics},
  volume = {40},
  number = {3},
  pages = {598--620},
  issn = {0140-2382, 1743-9655},
  doi = {10.1080/01402382.2016.1271596},
  urldate = {2022-05-30},
  langid = {english}
}

@misc{APAPsycNetAdvanced,
  title = {{{APA PsycNet Advanced Search}}},
  urldate = {2024-06-18},
  howpublished = {https://psycnet.apa.org/search}
}

@article{arielyCoherentArbitrarinessStable2003,
  title = {``{{Coherent Arbitrariness}}'': {{Stable Demand Curves Without Stable Preferences}}*},
  shorttitle = {``{{Coherent Arbitrariness}}''},
  author = {Ariely, Dan and Loewenstein, George and Prelec, Drazen},
  year = {2003},
  month = feb,
  journal = {The Quarterly Journal of Economics},
  volume = {118},
  number = {1},
  pages = {73--106},
  issn = {0033-5533},
  doi = {10.1162/00335530360535153},
  urldate = {2024-06-21}
}

@article{baileyGamificationMarketResearch2015,
  title = {Gamification in {{Market Research}}: {{Increasing Enjoyment}}, {{Participant Engagement}} and {{Richness}} of {{Data}}, but What of {{Data Validity}}?},
  shorttitle = {Gamification in {{Market Research}}},
  author = {Bailey, Pippa and Pritchard, Gareth and Kernohan, Hollie},
  year = {2015},
  month = jan,
  journal = {International Journal of Market Research},
  volume = {57},
  number = {1},
  pages = {17--28},
  issn = {1470-7853, 2515-2173},
  doi = {10.2501/IJMR-2015-003},
  urldate = {2022-01-14},
  langid = {english}
}

@misc{BallotDesignCenter2022,
  title = {Ballot Design {\textbar} {{Center}} for Civic Design},
  year = {2022},
  month = oct,
  urldate = {2024-06-17},
  howpublished = {https://civicdesign.org/topics/ballot-design/},
  langid = {american}
}

@article{bassettiCivicbaseOpensourcePlatform2023,
  title = {Civicbase: {{An}} Open-Source Platform for Deploying {{Quadratic Voting}} for {{Survey Research}}},
  shorttitle = {Civicbase},
  author = {Bassetti, Madeline E. and Dias, Gustavo and Chen, Daniel L. and Mortoni, Alan and Das, Ritesh},
  year = {2023},
  journal = {AI Magazine},
  volume = {44},
  number = {3},
  pages = {263--273},
  issn = {2371-9621},
  doi = {10.1002/aaai.12103},
  urldate = {2023-12-14},
  langid = {english}
}

@article{benadeEfficiencyUsabilityParticipatory,
  title = {Efficiency and {{Usability}} of {{Participatory Budgeting Methods}}},
  author = {Benade, Gerdus and Itzhak, Nevo and Shah, Nisarg and Procaccia, Ariel D},
  langid = {english}
}

@article{benedekMeasuringDesirabilityNew,
  title = {Measuring {{Desirability}}: {{New}} Methods for Evaluating Desirability in a Usability Lab Setting},
  author = {Benedek, Joey and Miner, Trish}
}

@article{besedesReducingChoiceOverload2015,
  title = {Reducing {{Choice Overload}} without {{Reducing Choices}}},
  author = {Besede{\v s}, Tibor and Deck, Cary and Sarangi, Sudipta and Shor, Mikhael},
  year = {2015},
  month = oct,
  journal = {Review of Economics and Statistics},
  volume = {97},
  number = {4},
  pages = {793--802},
  issn = {0034-6535, 1530-9142},
  doi = {10.1162/REST_a_00506},
  urldate = {2022-05-30},
  langid = {english}
}

@article{blasiusComparingRankingTechniques2012,
  title = {Comparing {{Ranking Techniques}} in {{Web Surveys}}},
  author = {Blasius, J{\"o}rg},
  year = {2012},
  month = nov,
  journal = {Field Methods},
  volume = {24},
  number = {4},
  pages = {382--398},
  issn = {1525-822X, 1552-3969},
  doi = {10.1177/1525822X12443095},
  urldate = {2022-01-14},
  langid = {english}
}

@article{blessAskingDifficultQuestions1992,
  title = {Asking {{Difficult Questions}}: {{Task Complexity Increases}} the {{Impact}} of {{Response Alternatives}}},
  shorttitle = {Asking {{Difficult Questions}}},
  author = {Bless, Herbert and Bohner, Gerd and Hild, Traudel and Schwarz, Norbert},
  year = {1992},
  month = may,
  journal = {European Journal of Social Psychology},
  volume = {22},
  number = {3},
  pages = {309--312},
  issn = {0046-2772, 1099-0992},
  doi = {10.1002/ejsp.2420220309},
  urldate = {2024-06-23},
  copyright = {http://onlinelibrary.wiley.com/termsAndConditions\#vor},
  langid = {english}
}

@inproceedings{bollenUnderstandingChoiceOverload2010,
  title = {Understanding Choice Overload in Recommender Systems},
  booktitle = {Proceedings of the Fourth {{ACM}} Conference on {{Recommender}} Systems - {{RecSys}} '10},
  author = {Bollen, Dirk and Knijnenburg, Bart P. and Willemsen, Martijn C. and Graus, Mark},
  year = {2010},
  pages = {63},
  publisher = {ACM Press},
  address = {Barcelona, Spain},
  doi = {10.1145/1864708.1864724},
  urldate = {2022-05-30},
  langid = {english}
}

@article{bramsApprovalVoting1978,
  title = {Approval {{Voting}}},
  author = {Brams, Steven J. and Fishburn, Peter C.},
  year = {1978},
  month = sep,
  journal = {American Political Science Review},
  volume = {72},
  number = {3},
  pages = {831--847},
  issn = {0003-0554, 1537-5943},
  doi = {10.2307/1955105},
  urldate = {2024-06-13},
  langid = {english}
}

@article{bramsScienceElections2001,
  title = {The {{Science}} of {{Elections}}},
  author = {Brams, Steven J. and Herschbach, Dudley R.},
  year = {2001},
  month = may,
  journal = {Science},
  volume = {292},
  number = {5521},
  pages = {1449--1449},
  publisher = {American Association for the Advancement of Science},
  doi = {10.1126/science.292.5521.1449},
  urldate = {2024-06-13}
}

@inproceedings{budhwarPredictingVoteUsing2018,
  title = {Predicting the Vote Using Legislative Speech},
  booktitle = {Proceedings of the 19th {{Annual International Conference}} on {{Digital Government Research}}: {{Governance}} in the {{Data Age}}},
  author = {Budhwar, Aditya and Kuboi, Toshihiro and Dekhtyar, Alex and Khosmood, Foaad},
  year = {2018},
  month = may,
  series = {Dg.o '18},
  pages = {1--10},
  publisher = {Association for Computing Machinery},
  address = {New York, NY, USA},
  doi = {10.1145/3209281.3209374},
  urldate = {2022-01-14}
}

@article{buterinFlexibleDesignFunding2019a,
  title = {A {{Flexible Design}} for {{Funding Public Goods}}},
  author = {Buterin, Vitalik and Hitzig, Zo{\"e} and Weyl, E. Glen},
  year = {2019},
  month = nov,
  journal = {Management Science},
  volume = {65},
  number = {11},
  pages = {5171--5187},
  publisher = {INFORMS},
  issn = {0025-1909},
  doi = {10.1287/mnsc.2019.3337},
  urldate = {2024-06-17}
}

@inproceedings{byrneUsabilityVotingSystems2007,
  title = {Usability of Voting Systems: Baseline Data for Paper, Punch Cards, and Lever Machines},
  shorttitle = {Usability of Voting Systems},
  booktitle = {Proceedings of the {{SIGCHI Conference}} on {{Human Factors}} in {{Computing Systems}}},
  author = {Byrne, Michael D. and Greene, Kristen K. and Everett, Sarah P.},
  year = {2007},
  month = apr,
  series = {{{CHI}} '07},
  pages = {171--180},
  publisher = {Association for Computing Machinery},
  address = {New York, NY, USA},
  doi = {10.1145/1240624.1240653},
  urldate = {2022-12-03}
}

@techreport{cain2007review,
  title = {A Review of the Mental Workload Literature},
  author = {Cain, Brad},
  year = {2007},
  month = jul,
  institution = {Defense Technical Information Center}
}

@article{carmonaPublicisationPrivateSpace2022,
  title = {The ``Public-Isation'' of Private Space -- towards a Charter of Public Space Rights and Responsibilities},
  author = {Carmona, Matthew},
  year = {2022},
  month = apr,
  journal = {Journal of Urbanism: International Research on Placemaking and Urban Sustainability},
  volume = {15},
  number = {2},
  pages = {133--164},
  publisher = {Routledge},
  issn = {1754-9175},
  doi = {10.1080/17549175.2021.1887324},
  urldate = {2023-08-29}
}

@article{cavaille2024cares,
  title = {Who Cares? {{Measuring}} Differences in Preference Intensity},
  author = {Cavaill{\'e}, Charlotte and Chen, Daniel L. and {Van der Straeten}, Karine},
  year = {2024},
  journal = {Political Science Research and Methods},
  pages = {1--17},
  doi = {10.1017/psrm.2024.27}
}

@misc{centerforcivicdesignCenterCivicDesign,
  title = {Center for {{Civic Design}}},
  author = {{Center for Civic Design}},
  year = {n.d.},
  urldate = {2024-06-17},
  howpublished = {https://civicdesign.org/},
  langid = {american}
}

@misc{charitynavigatorCharityNavigator2023,
  title = {Charity {{Navigator}}},
  shorttitle = {Charity {{Navigator}}},
  author = {{Charity Navigator}},
  year = {2023},
  month = may,
  urldate = {2023-12-16},
  howpublished = {https://www.charitynavigator.org/index.cfm?bay=search.categories},
  annotation = {Retrieved from https://web.archive.org/web/20230513224030/}
}

@article{chengCanShowWhat2021,
  title = {"{{I}} Can Show What {{I}} Really like.": {{Eliciting Preferences}} via {{Quadratic Voting}}},
  shorttitle = {"{{I}} Can Show What {{I}} Really like."},
  author = {Cheng, Ti-Chung and Li, Tiffany and Chou, Yi-Hung and Karahalios, Karrie and Sundaram, Hari},
  year = {2021},
  month = apr,
  journal = {Proceedings of the ACM on Human-Computer Interaction},
  volume = {5},
  pages = {1--43},
  doi = {10.1145/3449281}
}

@article{chernevChoiceOverloadConceptual2015,
  title = {Choice Overload: {{A}} Conceptual Review and Meta-Analysis},
  shorttitle = {Choice Overload},
  author = {Chernev, Alexander and B{\"o}ckenholt, Ulf and Goodman, Joseph},
  year = {2015},
  month = apr,
  journal = {Journal of Consumer Psychology},
  volume = {25},
  number = {2},
  pages = {333--358},
  issn = {10577408},
  doi = {10.1016/j.jcps.2014.08.002},
  urldate = {2022-07-29},
  langid = {english}
}

@article{chisnellDemocracyDesignProblem2016,
  title = {Democracy Is a Design Problem},
  author = {Chisnell, Dana},
  year = {2016},
  journal = {Journal of Usability Studies},
  volume = {11},
  number = {3},
  pages = {124--130}
}

@misc{civicdesignDesigningUsableBallots2015,
  title = {Designing Usable Ballots {{Center}} for Civic Design},
  author = {{CivicDesign}},
  year = {2015},
  month = jun,
  urldate = {2024-06-17},
  howpublished = {https://civicdesign.org/fieldguides/designing-usable-ballots/},
  langid = {american}
}

@article{cmPROCEEDINGSFIFTHCONFERENCE,
  title = {{{PROCEEDINGS OF THE FIFTH CONFERENCE ON THE DESIGN OF EXPERIMENTS IN ARMY RESEARCH DEVELOPMENT AUD TESTING}}},
  author = {Cm, Box and Carolina, North},
  pages = {384},
  langid = {english}
}

@article{conradElectronicVotingEliminates2009,
  title = {Electronic Voting Eliminates Hanging Chads but Introduces New Usability Challenges},
  author = {Conrad, Frederick G. and Bederson, Benjamin B. and Lewis, Brian and Peytcheva, Emilia and Traugott, Michael W. and Hanmer, Michael J. and Herrnson, Paul S. and Niemi, Richard G.},
  year = {2009},
  month = jan,
  journal = {International Journal of Human-Computer Studies},
  volume = {67},
  number = {1},
  pages = {111--124},
  issn = {1071-5819},
  doi = {10.1016/j.ijhcs.2008.09.010},
  urldate = {2023-12-16}
}

@misc{cooper1998research,
  title = {Research into Cognitive Load Theory and Instructional Design at {{UNSW}}},
  author = {Cooper, Graham},
  year = {1998},
  publisher = {Citeseer}
}

@article{couperWebSurveyDesign2001,
  title = {Web Survey Design and Administration},
  author = {Couper, M. P.},
  year = {2001},
  journal = {Public Opinion Quarterly},
  volume = {65},
  number = {2},
  pages = {230--253},
  issn = {0033-362X},
  doi = {10.1086/322199},
  langid = {english},
  pmid = {11420757}
}

@article{couperWhatTheySee2004,
  title = {What {{They See Is What We Get}}: {{Response Options}} for {{Web Surveys}}},
  shorttitle = {What {{They See Is What We Get}}},
  author = {Couper, Mick P. and Tourangeau, Roger and Conrad, Frederick G. and Crawford, Scott D.},
  year = {2004},
  month = feb,
  journal = {Social Science Computer Review},
  volume = {22},
  number = {1},
  pages = {111--127},
  publisher = {SAGE Publications Inc},
  issn = {0894-4393},
  doi = {10.1177/0894439303256555},
  urldate = {2022-08-02}
}

@article{coyNewWayVoting2019,
  title = {A {{New Way}} of {{Voting That Makes Zealotry Expensive}} - {{Bloomberg}}},
  author = {Coy, Peter},
  year = {2019},
  month = may,
  journal = {Bloomberg},
  urldate = {2023-12-16}
}

@article{cunowLessMoreParadox2021,
  title = {Less Is More: {{The}} Paradox of Choice in Voting Behavior},
  shorttitle = {Less Is More},
  author = {Cunow, Saul and Desposato, Scott and Janusz, Andrew and Sells, Cameron},
  year = {2021},
  month = feb,
  journal = {Electoral Studies},
  volume = {69},
  pages = {102230},
  issn = {02613794},
  doi = {10.1016/j.electstud.2020.102230},
  urldate = {2022-05-30},
  langid = {english}
}

@book{daniel2017thinking,
  title = {Thinking, Fast and Slow},
  author = {Daniel, Kahneman},
  year = {2017},
  publisher = {{Farrar, Straus and Giroux}}
}

@inproceedings{dawkinsPrimeIIIInnovative2009,
  title = {Prime {{III}}: An Innovative Electronic Voting Interface},
  shorttitle = {Prime {{III}}},
  booktitle = {Proceedings of the 14th International Conference on {{Intelligent}} User Interfaces},
  author = {Dawkins, Shane{\'e} and Sullivan, Tony and Rogers, Greg and Cross, E. Vincent and Hamilton, Lauren and Gilbert, Juan E.},
  year = {2009},
  month = feb,
  series = {{{IUI}} '09},
  pages = {485--486},
  publisher = {Association for Computing Machinery},
  address = {New York, NY, USA},
  doi = {10.1145/1502650.1502727},
  urldate = {2023-04-27}
}

@article{debruijnPovertyEconomicDecision2022,
  title = {Poverty and Economic Decision Making: A Review of Scarcity Theory},
  shorttitle = {Poverty and Economic Decision Making},
  author = {{de Bruijn}, Ernst-Jan and Antonides, Gerrit},
  year = {2022},
  month = feb,
  journal = {Theory and Decision},
  volume = {92},
  number = {1},
  pages = {5--37},
  issn = {1573-7187},
  doi = {10.1007/s11238-021-09802-7},
  urldate = {2024-07-01},
  langid = {english}
}

@article{deciEffectsContingentNoncontingent1972,
  title = {The {{Effects}} of {{Contingent}} and {{Noncontingent Reward}} and {{Controls}} on {{Intrinsic Motivation}}},
  author = {Deci, Edward},
  year = {1972},
  month = oct,
  journal = {Organizational Behavior and Human Performance},
  volume = {8},
  pages = {217--229},
  doi = {10.1016/0030-5073(72)90047-5}
}

@article{deckEffectCognitiveLoad2015,
  title = {The Effect of Cognitive Load on Economic Decision Making: {{A}} Survey and New Experiments},
  shorttitle = {The Effect of Cognitive Load on Economic Decision Making},
  author = {Deck, Cary and Jahedi, Salar},
  year = {2015},
  month = aug,
  journal = {European Economic Review},
  volume = {78},
  pages = {97--119},
  issn = {00142921},
  doi = {10.1016/j.euroecorev.2015.05.004},
  urldate = {2022-06-10},
  langid = {english}
}

@article{demariaPeoplePayReduce,
  title = {Do People Pay to Reduce Their Decision Space When Faced with Too Many Options? {{An}} Experimental Approach.},
  author = {Demar{\'i}a, Sydney},
  pages = {42},
  langid = {english}
}

@inproceedings{disciascioRankYouGo2016,
  title = {Rank {{As You Go}}: {{User-Driven Exploration}} of {{Search Results}}},
  shorttitle = {Rank {{As You Go}}},
  booktitle = {Proceedings of the 21st {{International Conference}} on {{Intelligent User Interfaces}}},
  author = {{di Sciascio}, Cecilia and Sabol, Vedran and Veas, Eduardo E.},
  year = {2016},
  month = mar,
  pages = {118--129},
  publisher = {ACM},
  address = {Sonoma California USA},
  doi = {10.1145/2856767.2856797},
  urldate = {2022-05-31},
  langid = {english}
}

@inproceedings{drommi2001interface,
  title = {Interface Design: {{A}} Focus on Cognitive Science},
  booktitle = {The Proceedings of {{ISECON}} 2001},
  author = {Drommi, Antonio and Ulferts, Gregory W and Shoemaker, Dan},
  year = {2001},
  volume = {18}
}

@article{duffyRELATIVERATINGSYSTEMS1974,
  title = {{{ON}} "{{RELATIVE}}" {{RATING SYSTEMS}}},
  author = {Duffy, Kirt E. and Webber, Robert E.},
  year = {1974},
  month = jun,
  journal = {Personnel Psychology},
  volume = {27},
  number = {2},
  pages = {307--311},
  issn = {0031-5826, 1744-6570},
  doi = {10.1111/j.1744-6570.1974.tb01536.x},
  urldate = {2022-01-14},
  langid = {english}
}

@misc{ElectronicVotingSystem,
  title = {Electronic Voting System Usability Issues {\textbar} {{Proceedings}} of the {{SIGCHI Conference}} on {{Human Factors}} in {{Computing Systems}}},
  urldate = {2022-01-14},
  howpublished = {https://dl-acm-org.proxy2.library.illinois.edu/doi/10.1145/642611.642638}
}

@book{engstrom2020politics,
  title = {The Politics of Ballot Design: How States Shape {{American}} Democracy},
  author = {Engstrom, Erik J and Roberts, Jason M},
  year = {2020},
  publisher = {Cambridge University Press}
}

@inproceedings{everettElectronicVotingMachines2008,
  title = {Electronic Voting Machines versus Traditional Methods: Improved Preference, Similar Performance},
  shorttitle = {Electronic Voting Machines versus Traditional Methods},
  booktitle = {Proceedings of the {{SIGCHI Conference}} on {{Human Factors}} in {{Computing Systems}}},
  author = {Everett, Sarah P. and Greene, Kristen K. and Byrne, Michael D. and Wallach, Dan S. and Derr, Kyle and Sandler, Daniel and Torous, Ted},
  year = {2008},
  month = apr,
  series = {{{CHI}} '08},
  pages = {883--892},
  publisher = {Association for Computing Machinery},
  address = {New York, NY, USA},
  doi = {10.1145/1357054.1357195},
  urldate = {2022-10-13}
}

@misc{experienceUsingMicrosoftDesirability,
  title = {Using the {{Microsoft Desirability Toolkit}} to {{Test Visual Appeal}}},
  author = {Experience, World Leaders in Research-Based User},
  journal = {Nielsen Norman Group},
  urldate = {2022-01-14},
  howpublished = {https://www.nngroup.com/articles/microsoft-desirability-toolkit/},
  langid = {english}
}

@inproceedings{farzandAestheticsEvaluatingResponse2024,
  title = {Beyond {{Aesthetics}}: {{Evaluating Response Widgets}} for {{Reliability}} \& {{Construct Validity}} of {{Scale Questionnaires}}},
  shorttitle = {Beyond {{Aesthetics}}},
  booktitle = {Extended {{Abstracts}} of the 2024 {{CHI Conference}} on {{Human Factors}} in {{Computing Systems}}},
  author = {Farzand, Habiba and Al Baiaty Suarez, David and Goodge, Thomas and Macdonald, Shaun Alexander and Marky, Karola and Khamis, Mohamed and Cairns, Paul},
  year = {2024},
  month = may,
  series = {{{CHI EA}} '24},
  pages = {1--7},
  publisher = {Association for Computing Machinery},
  address = {New York, NY, USA},
  doi = {10.1145/3613905.3650751},
  urldate = {2024-06-13}
}

@article{featherMeasurementValuesEffects1973,
  title = {The Measurement of Values: {{Effects}} of Different Assessment Procedures},
  shorttitle = {The Measurement of Values},
  author = {Feather, N. T.},
  year = {1973},
  month = dec,
  journal = {Australian Journal of Psychology},
  volume = {25},
  number = {3},
  pages = {221--231},
  issn = {0004-9530, 1742-9536},
  doi = {10.1080/00049537308255849},
  urldate = {2022-01-14},
  langid = {english}
}

@inproceedings{feick2020virtual,
  title = {The Virtual Reality Questionnaire Toolkit},
  booktitle = {Adjunct Proceedings of the 33rd Annual {{ACM}} Symposium on User Interface Software and Technology},
  author = {Feick, Martin and Kleer, Niko and Tang, Anthony and Kr{\"u}ger, Antonio},
  year = {2020},
  pages = {68--69}
}

@article{ferberOrderBiasMail1952,
  title = {Order {{Bias}} in a {{Mail Survey}}},
  author = {Ferber, Robert},
  year = {1952},
  journal = {Journal of Marketing},
  volume = {17},
  number = {2},
  eprint = {1248043},
  eprinttype = {jstor},
  pages = {171--178},
  publisher = {American Marketing Association},
  issn = {0022-2429},
  doi = {10.2307/1248043},
  urldate = {2024-06-17}
}

@inproceedings{fr?kj?rMeasuringUsabilityAre2000,
  title = {Measuring Usability: Are Effectiveness, Efficiency, and Satisfaction Really Correlated?},
  shorttitle = {Measuring Usability},
  booktitle = {Proceedings of the {{SIGCHI}} Conference on {{Human}} Factors in Computing Systems  - {{CHI}} '00},
  author = {Fr?kj?r, Erik and Hertzum, Morten and Hornb{\ae}k, Kasper},
  year = {2000},
  pages = {345--352},
  publisher = {ACM Press},
  address = {The Hague, The Netherlands},
  doi = {10.1145/332040.332455},
  urldate = {2022-05-31},
  langid = {english}
}

@inproceedings{frank2001simple,
  title = {A Simple Approach to Ordinal Classification},
  booktitle = {Machine Learning: {{ECML}} 2001: 12th European Conference on Machine Learning Freiburg, Germany, September 5--7, 2001 Proceedings 12},
  author = {Frank, Eibe and Hall, Mark},
  year = {2001},
  pages = {145--156},
  publisher = {Springer}
}

@article{freitasQuadraticFundingIncomplete2024,
  title = {Quadratic Funding with Incomplete Information},
  author = {Freitas, Luis Mota and Maldonado, Wilfredo L.},
  year = {2024},
  month = feb,
  journal = {Social Choice and Welfare},
  issn = {1432-217X},
  doi = {10.1007/s00355-024-01512-7},
  urldate = {2024-06-17},
  langid = {english}
}

@inproceedings{fridmanCognitiveLoadEstimation2018,
  title = {Cognitive {{Load Estimation}} in the {{Wild}}},
  booktitle = {Proceedings of the 2018 {{CHI Conference}} on {{Human Factors}} in {{Computing Systems}}},
  author = {Fridman, Lex and Reimer, Bryan and Mehler, Bruce and Freeman, William T.},
  year = {2018},
  month = apr,
  pages = {1--9},
  publisher = {ACM},
  address = {Montreal QC Canada},
  doi = {10.1145/3173574.3174226},
  urldate = {2022-05-31},
  langid = {english}
}

@article{galesicDropoutsWebEffects2006,
  title = {Dropouts on the {{Web}}: {{Effects}} of {{Interest}} and {{Burden Experienced During}} an {{Online Survey}}},
  shorttitle = {Dropouts on the {{Web}}},
  author = {Galesic, Mirta},
  year = {2006},
  month = jun,
  journal = {Journal of Official Statistics},
  volume = {22},
  number = {2},
  pages = {313},
  publisher = {Statistics Sweden (SCB)},
  address = {Stockholm, Sweden},
  issn = {0282423X},
  urldate = {2024-07-03},
  copyright = {Copyright Statistics Sweden (SCB) Jun 2006},
  langid = {english}
}

@article{galyWhatRelationshipMental2012,
  title = {What Is the Relationship between Mental Workload Factors and Cognitive Load Types?},
  author = {Galy, Edith and Cariou, Magali and M{\'e}lan, Claudine},
  year = {2012},
  month = mar,
  journal = {International Journal of Psychophysiology},
  volume = {83},
  number = {3},
  pages = {269--275},
  issn = {01678760},
  doi = {10.1016/j.ijpsycho.2011.09.023},
  urldate = {2022-05-31},
  langid = {english}
}

@article{gaoMentalWorkloadMeasurement2013,
  title = {Mental Workload Measurement for Emergency Operating Procedures in Digital Nuclear Power Plants},
  author = {Gao, Qin and Wang, Yang and Song, Fei and Li, Zhizhong and Dong, Xiaolu},
  year = {2013},
  month = jul,
  journal = {Ergonomics},
  volume = {56},
  number = {7},
  pages = {1070--1085},
  publisher = {Taylor \& Francis},
  issn = {0014-0139},
  doi = {10.1080/00140139.2013.790483},
  urldate = {2023-12-16},
  pmid = {23654299}
}

@article{genterDragandDropNumericEntry2022,
  title = {Drag-and-{{Drop Versus Numeric Entry Options}}: {{A Comparison}} of {{Survey Ranking Questions}} in {{Qualtrics}}},
  author = {Genter, Shaun and Trejo, Yazm{\'i}n Garc{\'i}a and Nichols, Elizabeth},
  year = {2022},
  volume = {17},
  number = {3},
  pages = {14},
  langid = {english}
}

@article{gerjetsScientificValueCognitive2009,
  title = {The {{Scientific Value}} of {{Cognitive Load Theory}}: {{A Research Agenda Based}} on the {{Structuralist View}} of {{Theories}}},
  shorttitle = {The {{Scientific Value}} of {{Cognitive Load Theory}}},
  author = {Gerjets, Peter and Scheiter, Katharina and Cierniak, Gabriele},
  year = {2009},
  month = mar,
  journal = {Educational Psychology Review},
  volume = {21},
  number = {1},
  pages = {43--54},
  issn = {1040-726X, 1573-336X},
  doi = {10.1007/s10648-008-9096-1},
  urldate = {2022-01-14},
  langid = {english}
}

@article{gigerenzerReasoningFastFrugal1996,
  title = {Reasoning the Fast and Frugal Way: {{Models}} of Bounded Rationality},
  shorttitle = {Reasoning the Fast and Frugal Way},
  author = {Gigerenzer, Gerd and Goldstein, Daniel G.},
  year = {1996},
  journal = {Psychological Review},
  volume = {103},
  number = {4},
  pages = {650--669},
  publisher = {American Psychological Association},
  address = {US},
  issn = {1939-1471},
  doi = {10.1037/0033-295X.103.4.650}
}

@article{gilbertAnomalyDetectionElectronic2013,
  title = {Anomaly Detection in Electronic Voting Systems},
  author = {Gilbert, Juan E. and Dunbar, Jerone and Ottley, Alvitta and Smotherman, John Mark},
  year = {2013},
  month = sep,
  journal = {Information Design Journal (IDJ)},
  volume = {20},
  number = {3},
  pages = {194--206},
  issn = {01425471},
  doi = {10.1075/idj.20.3.01gil}
}

@inproceedings{gilbertDesigningSocialTranslucence2012,
  title = {Designing Social Translucence over Social Networks},
  booktitle = {Proceedings of the {{SIGCHI Conference}} on {{Human Factors}} in {{Computing Systems}}},
  author = {Gilbert, Eric},
  year = {2012},
  month = may,
  pages = {2731--2740},
  publisher = {ACM},
  address = {Austin Texas USA},
  doi = {10.1145/2207676.2208670},
  urldate = {2022-01-19},
  langid = {english}
}

@misc{gitcoinReadWhitepaperGitcoin,
  title = {Read the {{Whitepaper}} {\textbar} {{Gitcoin}}},
  author = {{Gitcoin}},
  urldate = {2024-06-17},
  howpublished = {https://www.gitcoin.co/whitepaper/read},
  langid = {english}
}

@article{goelKnapsackVotingVoting,
  title = {Knapsack {{Voting}}: {{Voting}} Mechanisms for {{Participatory Budgeting}}},
  author = {Goel, Ashish and Krishnaswamy, Anilesh K and Sakshuwong, Sukolsak and Aitamurto, Tanja},
  langid = {english}
}

@article{golderUsagePatternsCollaborative2006,
  title = {Usage Patterns of Collaborative Tagging Systems},
  author = {Golder, Scott A. and Huberman, Bernardo A.},
  year = {2006},
  month = apr,
  journal = {Journal of Information Science},
  volume = {32},
  number = {2},
  pages = {198--208},
  publisher = {SAGE Publications Ltd},
  issn = {0165-5515},
  doi = {10.1177/0165551506062337},
  urldate = {2022-07-26}
}

@article{gourvilleOverchoiceAssortmentType2005,
  title = {Overchoice and {{Assortment Type}}: {{When}} and {{Why Variety Backfires}}},
  shorttitle = {Overchoice and {{Assortment Type}}},
  author = {Gourville, John T. and Soman, Dilip},
  year = {2005},
  month = aug,
  journal = {Marketing Science},
  volume = {24},
  number = {3},
  pages = {382--395},
  publisher = {INFORMS},
  issn = {0732-2399},
  doi = {10.1287/mksc.1040.0109},
  urldate = {2024-06-13}
}

@misc{Gov4gitDecentralizedPlatform2023,
  title = {Gov4git: {{A Decentralized Platform}} for {{Community Governance}}},
  shorttitle = {Gov4git},
  author = {{E. Glen Weyl} and {Kasia Sitkiewicz} and {Petar Maymounkov}},
  year = {2023},
  month = mar,
  journal = {Microsoft Research},
  urldate = {2024-06-13},
  langid = {american}
}

@article{gratzlLineUpVisualAnalysis2013,
  title = {{{LineUp}}: {{Visual Analysis}} of {{Multi-Attribute Rankings}}},
  shorttitle = {{{LineUp}}},
  author = {Gratzl, Samuel and Lex, Alexander and Gehlenborg, Nils and Pfister, Hanspeter and Streit, Marc},
  year = {2013},
  month = dec,
  journal = {IEEE Transactions on Visualization and Computer Graphics},
  volume = {19},
  number = {12},
  pages = {2277--2286},
  issn = {1077-2626},
  doi = {10.1109/TVCG.2013.173},
  urldate = {2022-01-14},
  langid = {english}
}

@article{greeneComparisonUsabilityVoting,
  title = {A {{Comparison}} of {{Usability Between Voting Methods}}},
  author = {Greene, Kristen K and Byrne, Michael D and Everett, Sarah P},
  pages = {7},
  langid = {english}
}

@article{grovesOptimalAllocationPublic1977,
  title = {Optimal {{Allocation}} of {{Public Goods}}: {{A Solution}} to the "{{Free Rider}}" {{Problem}}},
  shorttitle = {Optimal {{Allocation}} of {{Public Goods}}},
  author = {Groves, Theodore and Ledyard, John},
  year = {1977},
  journal = {Econometrica},
  volume = {45},
  number = {4},
  eprint = {1912672},
  eprinttype = {jstor},
  pages = {783--809},
  publisher = {[Wiley, Econometric Society]},
  issn = {0012-9682},
  doi = {10.2307/1912672},
  urldate = {2024-06-27}
}

@article{guayAssessmentSituationalIntrinsic2001,
  title = {On the {{Assessment}} of {{Situational Intrinsic}} and {{Extrinsic Motivation}}: {{The Situational Motivation Scale}} ({{SIMS}})},
  author = {Guay, Frederic and Vallerand, Robert J and Blanchard, Celine},
  year = {2001},
  journal = {Motivation and Emotion},
  pages = {41},
  langid = {english}
}

@inproceedings{haapalainenPsychophysiologicalMeasuresAssessing2010,
  title = {Psycho-Physiological Measures for Assessing Cognitive Load},
  booktitle = {Proceedings of the 12th {{ACM}} International Conference on {{Ubiquitous}} Computing},
  author = {Haapalainen, Eija and Kim, SeungJun and Forlizzi, Jodi F. and Dey, Anind K.},
  year = {2010},
  month = sep,
  pages = {301--310},
  publisher = {ACM},
  address = {Copenhagen Denmark},
  doi = {10.1145/1864349.1864395},
  urldate = {2023-12-16},
  langid = {english}
}

@incollection{hart1988development,
  title = {Development of {{NASA-TLX}} (Task Load Index): {{Results}} of Empirical and Theoretical Research},
  booktitle = {Advances in Psychology},
  author = {Hart, Sandra G and Staveland, Lowell E},
  year = {1988},
  volume = {52},
  pages = {139--183},
  publisher = {Elsevier}
}

@incollection{hartDevelopmentNASATLXTask1988,
  title = {Development of {{NASA-TLX}} ({{Task Load Index}}): {{Results}} of {{Empirical}} and {{Theoretical Research}}},
  shorttitle = {Development of {{NASA-TLX}} ({{Task Load Index}})},
  booktitle = {Advances in {{Psychology}}},
  author = {Hart, Sandra G. and Staveland, Lowell E.},
  year = {1988},
  volume = {52},
  pages = {139--183},
  publisher = {Elsevier},
  doi = {10.1016/S0166-4115(08)62386-9},
  urldate = {2022-05-31},
  langid = {english}
}

@article{hartNasaTaskLoadIndex2006,
  title = {Nasa-{{Task Load Index}} ({{NASA-TLX}}); 20 {{Years Later}}},
  author = {Hart, Sandra G.},
  year = {2006},
  month = oct,
  journal = {Proceedings of the Human Factors and Ergonomics Society Annual Meeting},
  volume = {50},
  number = {9},
  pages = {904--908},
  publisher = {SAGE Publications Inc},
  issn = {2169-5067},
  doi = {10.1177/154193120605000909},
  urldate = {2022-05-31}
}

@article{hauserIntensityMeasuresConsumer1980,
  title = {Intensity {{Measures}} of {{Consumer Preference}}},
  author = {Hauser, John R. and Shugan, Steven M.},
  year = {1980},
  journal = {Operations Research},
  volume = {28},
  number = {2},
  eprint = {170448},
  eprinttype = {jstor},
  pages = {278--320},
  publisher = {INFORMS},
  issn = {0030-364X},
  urldate = {2022-07-27}
}

@inproceedings{haynesSituatingEvaluationScenarios2004,
  title = {Situating Evaluation in Scenarios of Use},
  booktitle = {Proceedings of the 2004 {{ACM}} Conference on {{Computer}} Supported Cooperative Work},
  author = {Haynes, Steven R. and Purao, Sandeep and Skattebo, Amie L.},
  year = {2004},
  month = nov,
  series = {{{CSCW}} '04},
  pages = {92--101},
  publisher = {Association for Computing Machinery},
  address = {New York, NY, USA},
  doi = {10.1145/1031607.1031624},
  urldate = {2024-07-02}
}

@article{herringGenderAgeInfluences2020,
  title = {Gender and {{Age Influences}} on {{Interpretation}} of {{Emoji Functions}}},
  author = {Herring, Susan C. and Dainas, Ashley R.},
  year = {2020},
  month = jun,
  journal = {ACM Transactions on Social Computing},
  volume = {3},
  number = {2},
  pages = {1--26},
  issn = {2469-7818, 2469-7826},
  doi = {10.1145/3375629},
  urldate = {2024-06-17},
  langid = {english}
}

@article{herrnsonEVALUATIONMARYLANDNEW2003,
  title = {{{AN EVALUATION OF MARYLAND}}'{{S NEW VOTING MACHINE}}},
  author = {Herrnson, Paul S. and Bederson, Benjamin B.},
  year = {2003},
  month = jan,
  urldate = {2023-12-16},
  langid = {american}
}

@article{heymanRespondentfriendlyMethodRanking2016,
  title = {A {{Respondent-friendly Method}} of {{Ranking Long Lists}}},
  author = {Heyman, James and Sailors, John},
  year = {2016},
  month = sep,
  journal = {International Journal of Market Research},
  volume = {58},
  number = {5},
  pages = {693--710},
  issn = {1470-7853, 2515-2173},
  doi = {10.2501/IJMR-2016-001},
  urldate = {2022-01-14},
  langid = {english}
}

@article{hollender2010integrating,
  title = {Integrating Cognitive Load Theory and Concepts of Human--Computer Interaction},
  author = {Hollender, Nina and Hofmann, Cristian and Deneke, Michael and Schmitz, Bernhard},
  year = {2010},
  journal = {Computers in human behavior},
  volume = {26},
  number = {6},
  pages = {1278--1288},
  publisher = {Elsevier}
}

@article{holzInteractionStylesContext2021,
  title = {Interaction {{Styles}} in {{Context}}: {{Comparing Drag-and-Drop}}, {{Point-and-Touch}}, and {{Touch}} in a {{Mobile Spelling Game}}},
  shorttitle = {Interaction {{Styles}} in {{Context}}},
  author = {Holz, Heiko and Meurers, Detmar},
  year = {2021},
  month = may,
  journal = {International Journal of Human--Computer Interaction},
  volume = {37},
  number = {9},
  pages = {835--850},
  publisher = {Taylor \& Francis},
  issn = {1044-7318},
  doi = {10.1080/10447318.2020.1848160},
  urldate = {2022-08-01}
}

@misc{HowAssessUsability,
  title = {How to {{Assess}} the {{Usability Metrics}} of {{E-Voting Schemes}} {\textbar} {{SpringerLink}}},
  urldate = {2022-01-14},
  howpublished = {https://link.springer.com/chapter/10.1007/978-3-030-43725-1\_18}
}

@misc{HowWeClassify,
  title = {How {{Do We Classify Charities}}?},
  journal = {Charity Navigator},
  urldate = {2022-10-19},
  howpublished = {http://www.charitynavigator.org/index.cfm?bay=content.view\&cpid=34},
  langid = {english}
}

@article{huangMeasuringEffectivenessGraph2009,
  title = {Measuring {{Effectiveness}} of {{Graph Visualizations}}: {{A Cognitive Load Perspective}}},
  shorttitle = {Measuring {{Effectiveness}} of {{Graph Visualizations}}},
  author = {Huang, Weidong and Eades, Peter and Hong, Seok-Hee},
  year = {2009},
  month = sep,
  journal = {Information Visualization},
  volume = {8},
  number = {3},
  pages = {139--152},
  publisher = {SAGE Publications},
  issn = {1473-8716},
  doi = {10.1057/ivs.2009.10},
  urldate = {2023-12-15}
}

@article{huangMeasuringEffectivenessGraph2009a,
  title = {Measuring {{Effectiveness}} of {{Graph Visualizations}}: {{A Cognitive Load Perspective}}},
  shorttitle = {Measuring {{Effectiveness}} of {{Graph Visualizations}}},
  author = {Huang, Weidong and Eades, Peter and Hong, Seok-Hee},
  year = {2009},
  month = sep,
  journal = {Information Visualization},
  volume = {8},
  number = {3},
  pages = {139--152},
  issn = {1473-8716, 1473-8724},
  doi = {10.1057/ivs.2009.10},
  urldate = {2024-06-17},
  copyright = {http://journals.sagepub.com/page/policies/text-and-data-mining-license},
  langid = {english}
}

@article{huiEffectsCultureResponse1989,
  title = {Effects of {{Culture}} and {{Response Format}} on {{Extreme Response Style}}},
  author = {Hui, C. Harry and Triandis, Harry C.},
  year = {1989},
  month = sep,
  journal = {Journal of Cross-Cultural Psychology},
  volume = {20},
  number = {3},
  pages = {296--309},
  publisher = {SAGE Publications Inc},
  issn = {0022-0221},
  doi = {10.1177/0022022189203004},
  urldate = {2022-08-02}
}

@article{ibiliEffectAugmentedReality2019,
  title = {Effect of Augmented Reality Environments on Cognitive Load: Pedagogical Effect, Instructional Design, Motivation and Interaction Interfaces.},
  author = {{\.I}bili, Emin},
  year = {2019},
  journal = {International Journal of Progressive Education},
  volume = {15},
  number = {5},
  pages = {42--57},
  publisher = {ERIC}
}

@misc{InternetVotingProceedings,
  title = {Internet Voting {\textbar} {{Proceedings}} of the 7th {{International Conference}} on {{Theory}} and {{Practice}} of {{Electronic Governance}}},
  urldate = {2022-01-14},
  howpublished = {https://dl-acm-org.proxy2.library.illinois.edu/doi/10.1145/2591888.2591953}
}

@misc{InvestigatingUsabilityUser,
  title = {Investigating {{Usability}} and {{User Experience}} of {{Individually Verifiable Internet Voting Schemes}} {\textbar} {{ACM Transactions}} on {{Computer-Human Interaction}}},
  urldate = {2022-01-14},
  howpublished = {https://dl-acm-org.proxy2.library.illinois.edu/doi/10.1145/3459604}
}

@misc{IVoteCHI04,
  title = {I-{{Vote}} {\textbar} {{CHI}} '04 {{Extended Abstracts}} on {{Human Factors}} in {{Computing Systems}}},
  urldate = {2022-01-14},
  howpublished = {https://dl-acm-org.proxy2.library.illinois.edu/doi/10.1145/985921.986181}
}

@article{iyengarWhenChoiceDemotivating2000,
  title = {When Choice Is Demotivating: {{Can}} One Desire Too Much of a Good Thing?},
  author = {Iyengar, Sheena S and Lepper, Mark R},
  year = {2000},
  journal = {Journal of personality and social psychology},
  volume = {79},
  number = {6},
  pages = {995},
  publisher = {American Psychological Association}
}

@book{jackoHumancomputerInteractionHandbook2012,
  title = {The Human-Computer Interaction Handbook: Fundamentals, Evolving Technologies, and Emerging Applications},
  shorttitle = {The Human-Computer Interaction Handbook},
  editor = {Jacko, Julie A.},
  year = {2012},
  series = {Human Factors and Ergonomics},
  edition = {3. ed},
  publisher = {CRC Press, Taylor \& Francis},
  address = {Boca Raton, Fla.},
  langid = {english}
}

@article{jansenEffectQuestionnaireLayout1985,
  title = {Effect of {{Questionnaire Layout}} and {{Size}} and {{Issue-Involvement}} on {{Response Rates}} in {{Mail Surveys}}},
  author = {Jansen, J. Harry},
  year = {1985},
  month = aug,
  journal = {Perceptual and Motor Skills},
  volume = {61},
  number = {1},
  pages = {139--142},
  publisher = {SAGE Publications Inc},
  issn = {0031-5125},
  doi = {10.2466/pms.1985.61.1.139},
  urldate = {2022-05-31}
}

@phdthesis{kaczmirekHumanSurveyInteractionUsability2008,
  title = {{Human-Survey Interaction Usability and Nonresponse in Online Surveys}},
  author = {Kaczmirek, Lars},
  year = {2008},
  month = jun,
  langid = {ngerman},
  school = {Universit{\"a}t Mannheim}
}

@article{kahnemanProspectTheoryAnalysis1979,
  title = {Prospect {{Theory}}: {{An Analysis}} of {{Decision}} under {{Risk}}},
  shorttitle = {Prospect {{Theory}}},
  author = {Kahneman, Daniel and Tversky, Amos},
  year = {1979},
  journal = {Econometrica},
  volume = {47},
  number = {2},
  eprint = {1914185},
  eprinttype = {jstor},
  pages = {263--291},
  publisher = {[Wiley, Econometric Society]},
  issn = {0012-9682},
  doi = {10.2307/1914185},
  urldate = {2024-06-21}
}

@article{kammounGenerativeAdversarialNetworks2022,
  title = {Generative {{Adversarial Networks}} for Face Generation: {{A}} Survey},
  shorttitle = {Generative {{Adversarial Networks}} for Face Generation},
  author = {Kammoun, Amina and Slama, Rim and Tabia, Hedi and Ouni, Tarek and Abid, Mohmed},
  year = {2022},
  month = mar,
  journal = {ACM Computing Surveys},
  pages = {1122445.1122456},
  issn = {0360-0300, 1557-7341},
  doi = {10.1145/1122445.1122456},
  urldate = {2022-11-11},
  langid = {english}
}

@article{karim2024examining,
  title = {Examining the Landscape of Cognitive Fatigue Detection: A Comprehensive Survey},
  author = {Karim, Enamul and Pavel, Hamza Reza and Nikanfar, Sama and Hebri, Aref and Roy, Ayon and Nambiappan, Harish Ram and Jaiswal, Ashish and Wylie, Glenn R and Makedon, Fillia},
  year = {2024},
  journal = {Technologies},
  volume = {12},
  number = {3},
  pages = {38},
  publisher = {MDPI}
}

@inproceedings{kay2016researcher,
  title = {Researcher-Centered Design of Statistics: {{Why Bayesian}} Statistics Better Fit the Culture and Incentives of {{HCI}}},
  booktitle = {Proceedings of the 2016 {{CHI}} Conference on Human Factors in Computing Systems},
  author = {Kay, Matthew and Nelson, Gregory L and Hekler, Eric B},
  year = {2016},
  pages = {4521--4532}
}

@inproceedings{khullar2021,
  title = {Costs and Benefits of Conducting Voice-Based Surveys versus Keypress-Based Surveys on Interactive Voice Response Systems},
  booktitle = {Proceedings of the 4th {{ACM SIGCAS}} Conference on Computing and Sustainable Societies},
  author = {Khullar, Aman and Hitesh, Priyadarshi and Rahman, Shoaib and Kumar, Deepak and Pandey, Rachit and Kumar, Praveen and Tripathi, Rajeshwari and Prince, Prince and Jha, Ankit Akash and Himanshu, Himanshu and Seth, Aaditeshwar},
  year = {2021},
  series = {Compass '21},
  pages = {288--298},
  publisher = {Association for Computing Machinery},
  address = {New York, NY, USA},
  doi = {10.1145/3460112.3471963}
}

@article{kierujVariationsResponseStyle2010,
  title = {Variations in {{Response Style Behavior}} by {{Response Scale Format}} in {{Attitude Research}}},
  author = {Kieruj, N. D. and Moors, G.},
  year = {2010},
  month = sep,
  journal = {International Journal of Public Opinion Research},
  volume = {22},
  number = {3},
  pages = {320--342},
  issn = {0954-2892, 1471-6909},
  doi = {10.1093/ijpor/edq001},
  urldate = {2024-06-13},
  langid = {english}
}

@inproceedings{kimComparingDataChatbot2019,
  title = {Comparing {{Data}} from {{Chatbot}} and {{Web Surveys}}: {{Effects}} of {{Platform}} and {{Conversational Style}} on {{Survey Response Quality}}},
  shorttitle = {Comparing {{Data}} from {{Chatbot}} and {{Web Surveys}}},
  booktitle = {Proceedings of the 2019 {{CHI Conference}} on {{Human Factors}} in {{Computing Systems}}},
  author = {Kim, Soomin and Lee, Joonhwan and Gweon, Gahgene},
  year = {2019},
  month = may,
  pages = {1--12},
  publisher = {ACM},
  address = {Glasgow Scotland Uk},
  doi = {10.1145/3290605.3300316},
  urldate = {2022-05-31},
  langid = {english}
}

@article{kleinResponseSetsMeasurement2004,
  title = {Response {{Sets}} in the {{Measurement}} of {{Values}}: {{A Comparison}} of {{Rating}} and {{Ranking Procedures}}},
  shorttitle = {Response {{Sets}} in the {{Measurement}} of {{Values}}},
  author = {Klein, M. and Dulmer, H. and Ohr, D. and Quandt, M. and Rosar, U.},
  year = {2004},
  month = dec,
  journal = {International Journal of Public Opinion Research},
  volume = {16},
  number = {4},
  pages = {474--483},
  issn = {0954-2892, 1471-6909},
  doi = {10.1093/ijpor/edh041},
  urldate = {2022-01-14},
  langid = {english}
}

@incollection{krosnick2018measurement,
  title = {The Measurement of Attitudes},
  booktitle = {The Handbook of Attitudes},
  author = {Krosnick, Jon A and Judd, Charles M and Wittenbrink, Bernd},
  year = {2018},
  pages = {45--105},
  publisher = {Routledge}
}

@article{krosnickResponseStrategiesCoping1991,
  title = {Response Strategies for Coping with the Cognitive Demands of Attitude Measures in Surveys},
  author = {Krosnick, Jon A.},
  year = {1991},
  month = may,
  journal = {Applied Cognitive Psychology},
  volume = {5},
  number = {3},
  pages = {213--236},
  issn = {08884080, 10990720},
  doi = {10.1002/acp.2350050305},
  urldate = {2022-01-14},
  langid = {english}
}

@inproceedings{kuleszaTellMeMore2012,
  title = {Tell Me More? The Effects of Mental Model Soundness on Personalizing an Intelligent Agent},
  shorttitle = {Tell Me More?},
  booktitle = {Proceedings of the {{SIGCHI Conference}} on {{Human Factors}} in {{Computing Systems}}},
  author = {Kulesza, Todd and Stumpf, Simone and Burnett, Margaret and Kwan, Irwin},
  year = {2012},
  month = may,
  series = {{{CHI}} '12},
  pages = {1--10},
  publisher = {Association for Computing Machinery},
  address = {New York, NY, USA},
  doi = {10.1145/2207676.2207678},
  urldate = {2022-01-14}
}

@article{kuligaVirtualRealityEmpirical2015,
  title = {Virtual Reality as an Empirical Research Tool --- {{Exploring}} User Experience in a Real Building and a Corresponding Virtual Model},
  author = {Kuliga, S.F. and Thrash, T. and Dalton, R.C. and H{\"o}lscher, C.},
  year = {2015},
  month = nov,
  journal = {Computers, Environment and Urban Systems},
  volume = {54},
  pages = {363--375},
  issn = {01989715},
  doi = {10.1016/j.compenvurbsys.2015.09.006},
  urldate = {2022-01-14},
  langid = {english}
}

@article{kundingerReliableGroundTruth2020,
  title = {Towards a {{Reliable Ground Truth}} for {{Drowsiness}}: {{A Complexity Analysis}} on the {{Example}} of {{Driver Fatigue}}},
  shorttitle = {Towards a {{Reliable Ground Truth}} for {{Drowsiness}}},
  author = {Kundinger, Thomas and Mayr, Celena and Riener, Andreas},
  year = {2020},
  month = jun,
  journal = {Proceedings of the ACM on Human-Computer Interaction},
  volume = {4},
  number = {EICS},
  pages = {1--18},
  issn = {2573-0142},
  doi = {10.1145/3394980},
  urldate = {2024-12-10},
  langid = {english}
}

@article{lalley2016quadratic,
  title = {Quadratic Voting},
  author = {Lalley, Steven P and Weyl, E Glen and others},
  year = {2016},
  journal = {Available at SSRN}
}

@inproceedings{lalley2018quadratic,
  title = {Quadratic Voting: {{How}} Mechanism Design Can Radicalize Democracy},
  booktitle = {{{AEA}} Papers and Proceedings},
  author = {Lalley, Steven P and Weyl, E Glen},
  year = {2018},
  volume = {108},
  pages = {33--37}
}

@article{laskowskiImprovingUsabilityAccessibility2004,
  title = {Improving the {{Usability}} and {{Accessibility}} of {{Voting Systems}} and {{Products}}},
  author = {Laskowski, Sharon J. and Yen, James H. and Autry, Marguerite W. and Cuginin, J. and Killam, William H.},
  year = {2004},
  month = may,
  urldate = {2022-01-14},
  langid = {english},
  annotation = {Last Modified: 2017-02-19T20:02-05:00}
}

@inproceedings{leeUniversalDesignBallot2016,
  title = {Universal {{Design Ballot Interfaces}} on {{Voting Performance}} and {{Satisfaction}} of {{Voters}} with and without {{Vision Loss}}},
  booktitle = {Proceedings of the 2016 {{CHI Conference}} on {{Human Factors}} in {{Computing Systems}}},
  author = {Lee, Seunghyun "Tina" and Liu, Yilin Elaine and Ruzic, Ljilja and Sanford, Jon},
  year = {2016},
  month = may,
  series = {{{CHI}} '16},
  pages = {4861--4871},
  publisher = {Association for Computing Machinery},
  address = {New York, NY, USA},
  doi = {10.1145/2858036.2858567},
  urldate = {2023-12-15}
}

@article{lenznerCognitiveBurdenSurvey2010,
  title = {Cognitive Burden of Survey Questions and Response Times: {{A}} Psycholinguistic Experiment},
  shorttitle = {Cognitive Burden of Survey Questions and Response Times},
  author = {Lenzner, Timo and Kaczmirek, Lars and Lenzner, Alwine},
  year = {2010},
  journal = {Applied Cognitive Psychology},
  volume = {24},
  number = {7},
  pages = {1003--1020},
  issn = {1099-0720},
  doi = {10.1002/acp.1602},
  urldate = {2024-06-23},
  langid = {english}
}

@misc{LetMeAsk,
  title = {Let {{Me Ask You This}}: {{How Can}} a {{Voice Assistant Elicit Explicit User Feedback}}? {\textbar} {{Proceedings}} of the {{ACM}} on {{Human-Computer Interaction}}},
  urldate = {2024-07-02},
  howpublished = {https://dl.acm.org/doi/10.1145/3479532}
}

@article{lewisSystemUsabilityScale2018,
  title = {The {{System Usability Scale}}: {{Past}}, {{Present}}, and {{Future}}},
  shorttitle = {The {{System Usability Scale}}},
  author = {Lewis, James R.},
  year = {2018},
  month = jul,
  journal = {International Journal of Human--Computer Interaction},
  volume = {34},
  number = {7},
  pages = {577--590},
  issn = {1044-7318, 1532-7590},
  doi = {10.1080/10447318.2018.1455307},
  urldate = {2022-05-31},
  langid = {english}
}

@book{lichtensteinConstructionPreference2006,
  title = {The Construction of Preference},
  editor = {Lichtenstein, Sarah and Slovic, Paul},
  year = {2006},
  edition = {1. publ},
  publisher = {Cambridge University Press},
  address = {Cambridge},
  langid = {english}
}

@article{likertTechniqueMeasurementAttitudes1932,
  title = {A Technique for the Measurement of Attitudes},
  author = {Likert, R.},
  year = {1932},
  journal = {Archives of Psychology},
  volume = {22  140},
  pages = {55--55}
}

@inproceedings{lohseQuantifyingEffectUser1998,
  title = {Quantifying the Effect of User Interface Design Features on Cyberstore Traffic and Sales},
  booktitle = {Proceedings of the {{SIGCHI Conference}} on {{Human Factors}} in {{Computing Systems}}},
  author = {Lohse, Gerald L. and Spiller, Peter},
  year = {1998},
  month = jan,
  series = {{{CHI}} '98},
  pages = {211--218},
  publisher = {ACM Press/Addison-Wesley Publishing Co.},
  address = {USA},
  doi = {10.1145/274644.274675},
  urldate = {2022-01-14}
}

@article{maoBetterHumanComputation2013,
  title = {Better {{Human Computation Through Principled Voting}}},
  author = {Mao, Andrew and Procaccia, Ariel and Chen, Yiling},
  year = {2013},
  month = jun,
  journal = {Proceedings of the AAAI Conference on Artificial Intelligence},
  volume = {27},
  number = {1},
  pages = {1142--1148},
  issn = {2374-3468, 2159-5399},
  doi = {10.1609/aaai.v27i1.8460},
  urldate = {2022-07-18},
  langid = {english}
}

@incollection{markyImprovingUsabilityUX2020,
  title = {Improving the {{Usability}} and {{UX}} of the {{Swiss Internet Voting Interface}}},
  booktitle = {Proceedings of the 2020 {{CHI Conference}} on {{Human Factors}} in {{Computing Systems}}},
  author = {Marky, Karola and Zimmermann, Verena and Funk, Markus and Daubert, J{\"o}rg and Bleck, Kira and M{\"u}hlh{\"a}user, Max},
  year = {2020},
  month = apr,
  pages = {1--13},
  publisher = {Association for Computing Machinery},
  address = {New York, NY, USA},
  urldate = {2022-01-14}
}

@article{markyInvestigatingUsabilityUser2021,
  title = {Investigating {{Usability}} and {{User Experience}} of {{Individually Verifiable Internet Voting Schemes}}},
  author = {Marky, Karola and Zollinger, Marie-Laure and Roenne, Peter and Ryan, Peter Y. A. and Grube, Tim and Kunze, Kai},
  year = {2021},
  month = sep,
  journal = {ACM Transactions on Computer-Human Interaction},
  volume = {28},
  number = {5},
  pages = {30:1--30:36},
  issn = {1073-0516},
  doi = {10.1145/3459604},
  urldate = {2022-01-14}
}

@inproceedings{markyWhatDidReally2018,
  title = {What {{Did I Really Vote For}}? {{On}} the {{Usability}} of {{Verifiable E-Voting Schemes}}},
  shorttitle = {What {{Did I Really Vote For}}?},
  booktitle = {Proceedings of the 2018 {{CHI Conference}} on {{Human Factors}} in {{Computing Systems}}},
  author = {Marky, Karola and Kulyk, Oksana and Renaud, Karen and Volkamer, Melanie},
  year = {2018},
  month = apr,
  pages = {1--13},
  publisher = {ACM},
  address = {Montreal QC Canada},
  doi = {10.1145/3173574.3173750},
  urldate = {2024-06-24},
  langid = {english}
}

@article{marvelEffectiveInterfaceDesigns2020,
  title = {Towards {{Effective Interface Designs}} for {{Collaborative HRI}} in {{Manufacturing}}: {{Metrics}} and {{Measures}}},
  shorttitle = {Towards {{Effective Interface Designs}} for {{Collaborative HRI}} in {{Manufacturing}}},
  author = {Marvel, Jeremy A. and Bagchi, Shelly and Zimmerman, Megan and Antonishek, Brian},
  year = {2020},
  month = may,
  journal = {ACM Transactions on Human-Robot Interaction},
  volume = {9},
  number = {4},
  pages = {25:1--25:55},
  doi = {10.1145/3385009},
  urldate = {2022-01-14}
}

@book{mcelreath2018statistical,
  title = {Statistical Rethinking: {{A Bayesian}} Course with Examples in {{R}} and {{Stan}}},
  author = {McElreath, Richard},
  year = {2018},
  publisher = {{Chapman and Hall/CRC}}
}

@article{millerMagicalNumberSeven1956,
  title = {The Magical Number Seven, plus or Minus Two: {{Some}} Limits on Our Capacity for Processing Information},
  shorttitle = {The Magical Number Seven, plus or Minus Two},
  author = {Miller, George A.},
  year = {1956},
  journal = {Psychological Review},
  volume = {63},
  number = {2},
  pages = {81--97},
  publisher = {American Psychological Association},
  address = {US},
  issn = {1939-1471},
  doi = {10.1037/h0043158}
}

@article{moderate2021,
  title = {Moderator Chatbot for Deliberative Discussion: {{Effects}} of Discussion Structure and Discussant Facilitation},
  author = {Kim, Soomin and Eun, Jinsu and Seering, Joseph and Lee, Joonhwan},
  year = {2021},
  month = apr,
  journal = {Proc. ACM Hum.-Comput. Interact.},
  volume = {5},
  number = {CSCW1},
  publisher = {Association for Computing Machinery},
  address = {New York, NY, USA},
  doi = {10.1145/3449161},
  articleno = {87},
  issue_date = {April 2021}
}

@article{monkEffectInterruptionDuration2008,
  title = {The Effect of Interruption Duration and Demand on Resuming Suspended Goals.},
  author = {Monk, Christopher A. and Trafton, J. Gregory and {Boehm-Davis}, Deborah A.},
  year = {2008},
  journal = {Journal of Experimental Psychology: Applied},
  volume = {14},
  number = {4},
  pages = {299--313},
  issn = {1939-2192, 1076-898X},
  doi = {10.1037/a0014402},
  urldate = {2022-06-25},
  langid = {english}
}

@incollection{montgomeryDecisionRulesSearch1983,
  title = {Decision {{Rules}} and the {{Search}} for a {{Dominance Structure}}: {{Towards}} a {{Process Model}} of {{Decision Making}}},
  shorttitle = {Decision {{Rules}} and the {{Search}} for a {{Dominance Structure}}},
  booktitle = {Advances in {{Psychology}}},
  author = {Montgomery, Henry},
  year = {1983},
  volume = {14},
  pages = {343--369},
  publisher = {Elsevier},
  doi = {10.1016/S0166-4115(08)62243-8},
  urldate = {2024-06-23},
  langid = {english}
}

@book{moroneyQuestionnaireDesignHow2019,
  title = {Questionnaire {{Design}}: {{How}} to {{Ask}} the {{Right Questions}} of the {{Right People}} at the {{Right Time}} to {{Get}} the {{Information You Need}}},
  shorttitle = {Questionnaire {{Design}}},
  author = {Moroney, William F. and Cameron, Joyce A.},
  year = {2019},
  month = feb,
  publisher = {{Human Factors and Ergonomics Society}},
  langid = {english}
}

@article{morreau2014arrow,
  title = {Arrow's Theorem},
  author = {Morreau, Michael},
  year = {2014}
}

@article{mullenPublicInvolvementHealth1999,
  title = {Public Involvement in Health Care Priority Setting: An Overview of Methods for Eliciting Values: {{Public}} Involvement in Health Care Priority Setting},
  shorttitle = {Public Involvement in Health Care Priority Setting},
  author = {Mullen, Penelope M.},
  year = {1999},
  month = dec,
  journal = {Health Expectations},
  volume = {2},
  number = {4},
  pages = {222--234},
  issn = {13696513},
  doi = {10.1046/j.1369-6513.1999.00062.x},
  urldate = {2022-07-27},
  langid = {english}
}

@article{munscherReviewTaxonomyChoice2016,
  title = {A {{Review}} and {{Taxonomy}} of {{Choice Architecture Techniques}}},
  author = {M{\"u}nscher, Robert and Vetter, Max and Scheuerle, Thomas},
  year = {2016},
  journal = {Journal of Behavioral Decision Making},
  volume = {29},
  number = {5},
  pages = {511--524},
  issn = {1099-0771},
  doi = {10.1002/bdm.1897},
  urldate = {2024-06-18},
  copyright = {Copyright {\copyright} 2015 John Wiley \& Sons, Ltd.},
  langid = {english}
}

@article{naglerTradingBenefitsCosts2015,
  title = {Trading off the Benefits and Costs of Choice: {{Evidence}} from {{Australian}} Elections},
  shorttitle = {Trading off the Benefits and Costs of Choice},
  author = {Nagler, Matthew G.},
  year = {2015},
  month = jun,
  journal = {Journal of Economic Behavior \& Organization},
  volume = {114},
  pages = {1--12},
  issn = {01672681},
  doi = {10.1016/j.jebo.2015.03.004},
  urldate = {2022-05-30},
  langid = {english}
}

@article{naylor2017first,
  title = {First Year Student Conceptions of Success: {{What}} Really Matters?},
  author = {Naylor, Ryan and others},
  year = {2017},
  journal = {Student Success},
  volume = {8},
  number = {2},
  pages = {9--19},
  publisher = {Student Success Journal}
}

@misc{NeighborVoteProceedings29th,
  title = {Neighbor-{{Vote}} {\textbar} {{Proceedings}} of the 29th {{ACM International Conference}} on {{Multimedia}}},
  urldate = {2022-01-14},
  howpublished = {https://dl-acm-org.proxy2.library.illinois.edu/doi/10.1145/3474085.3475641}
}

@article{nielsen1997users,
  title = {How Users Read on the Web},
  author = {Nielsen, Jakob},
  year = {1997}
}

@inproceedings{nobarany2012design,
  title = {The Design Space of Opinion Measurement Interfaces: Exploring Recall Support for Rating and Ranking},
  booktitle = {Proceedings of the {{SIGCHI}} Conference on Human Factors in Computing Systems},
  author = {Nobarany, Syavash and Oram, Louise and Rajendran, Vasanth Kumar and Chen, Chi-Hsiang and McGrenere, Joanna and Munzner, Tamara},
  year = {2012},
  series = {Chi '12},
  pages = {2035--2044},
  publisher = {Association for Computing Machinery},
  address = {New York, NY, USA},
  doi = {10.1145/2207676.2208351}
}

@book{norman2013design,
  title = {The Design of Everyday Things},
  author = {Norman Donald, A},
  year = {2013},
  publisher = {MIT Press}
}

@article{novWhyPeopleTag2010,
  title = {Why Do People Tag?: Motivations for Photo Tagging},
  shorttitle = {Why Do People Tag?},
  author = {Nov, Oded and Ye, Chen},
  year = {2010},
  month = jul,
  journal = {Communications of the ACM},
  volume = {53},
  number = {7},
  pages = {128--131},
  issn = {0001-0782, 1557-7317},
  doi = {10.1145/1785414.1785450},
  urldate = {2022-07-26},
  langid = {english}
}

@article{olschewskiTaxingCognitiveCapacities2018,
  title = {Taxing Cognitive Capacities Reduces Choice Consistency Rather than Preference: {{A}} Model-Based Test.},
  shorttitle = {Taxing Cognitive Capacities Reduces Choice Consistency Rather than Preference},
  author = {Olschewski, Sebastian and Rieskamp, J{\"o}rg and Scheibehenne, Benjamin},
  year = {2018},
  month = apr,
  journal = {Journal of Experimental Psychology: General},
  volume = {147},
  number = {4},
  pages = {462--484},
  issn = {1939-2222, 0096-3445},
  doi = {10.1037/xge0000403},
  urldate = {2022-06-10},
  langid = {english}
}

@book{olsonWaysKnowingHCI2014,
  title = {Ways of {{Knowing}} in {{HCI}}},
  editor = {Olson, Judith S. and Kellogg, Wendy A.},
  year = {2014},
  publisher = {Springer},
  address = {New York, NY},
  doi = {10.1007/978-1-4939-0378-8},
  urldate = {2024-06-13},
  copyright = {https://www.springernature.com/gp/researchers/text-and-data-mining},
  langid = {english}
}

@inproceedings{oulasvirtaWhenMoreLess2009,
  title = {When More Is Less: The Paradox of Choice in Search Engine Use},
  shorttitle = {When More Is Less},
  booktitle = {Proceedings of the 32nd International {{ACM SIGIR}} Conference on {{Research}} and Development in Information Retrieval - {{SIGIR}} '09},
  author = {Oulasvirta, Antti and Hukkinen, Janne P. and Schwartz, Barry},
  year = {2009},
  pages = {516},
  publisher = {ACM Press},
  address = {Boston, MA, USA},
  doi = {10.1145/1571941.1572030},
  urldate = {2022-05-30},
  langid = {english}
}

@inproceedings{oviatt2006human,
  title = {Human-Centered Design Meets Cognitive Load Theory: Designing Interfaces That Help People Think},
  booktitle = {Proceedings of the 14th {{ACM}} International Conference on Multimedia},
  author = {Oviatt, Sharon},
  year = {2006},
  series = {Mm '06},
  pages = {871--880},
  publisher = {Association for Computing Machinery},
  address = {New York, NY, USA},
  doi = {10.1145/1180639.1180831}
}

@inproceedings{oviattQuietInterfacesThat2006,
  title = {Quiet Interfaces That Help Students Think},
  booktitle = {Proceedings of the 19th Annual {{ACM}} Symposium on {{User}} Interface Software and Technology - {{UIST}} '06},
  author = {Oviatt, Sharon and Arthur, Alex and Cohen, Julia},
  year = {2006},
  pages = {191},
  publisher = {ACM Press},
  address = {Montreux, Switzerland},
  doi = {10.1145/1166253.1166284},
  urldate = {2022-05-31},
  langid = {english}
}

@inproceedings{palinkoEstimatingCognitiveLoad2010,
  title = {Estimating Cognitive Load Using Remote Eye Tracking in a Driving Simulator},
  booktitle = {Proceedings of the 2010 {{Symposium}} on {{Eye-Tracking Research}} \& {{Applications}} - {{ETRA}} '10},
  author = {Palinko, Oskar and Kun, Andrew L. and Shyrokov, Alexander and Heeman, Peter},
  year = {2010},
  pages = {141},
  publisher = {ACM Press},
  address = {Austin, Texas},
  doi = {10.1145/1743666.1743701},
  urldate = {2023-12-16},
  langid = {english}
}

@article{paula2023,
  title = {A Relief from Mental Overload in a Digitalized World: {{How}} Context-Sensitive User Interfaces Can Enhance Cognitive Performance},
  author = {Paula Gauselmann, Yannick Runge, Christian Jilek and Tempel, Tobias},
  year = {2023},
  journal = {International Journal of Human--Computer Interaction},
  volume = {39},
  number = {1},
  eprint = {https://doi.org/10.1080/10447318.2022.2041882},
  pages = {140--150},
  publisher = {Taylor \& Francis},
  doi = {10.1080/10447318.2022.2041882}
}

@book{payneAdaptiveDecisionMaker1993,
  title = {The {{Adaptive Decision Maker}}},
  author = {Payne, John W. and Bettman, James R. and Johnson, Eric J.},
  year = {1993},
  publisher = {Cambridge University Press},
  address = {Cambridge},
  doi = {10.1017/CBO9781139173933},
  urldate = {2024-07-01}
}

@article{payneAdaptiveStrategySelection1988,
  title = {Adaptive Strategy Selection in Decision Making.},
  author = {Payne, John W. and Bettman, James R. and Johnson, Eric J.},
  year = {1988},
  month = jul,
  journal = {Journal of Experimental Psychology: Learning, Memory, and Cognition},
  volume = {14},
  number = {3},
  pages = {534--552},
  issn = {1939-1285, 0278-7393},
  doi = {10.1037/0278-7393.14.3.534},
  urldate = {2024-06-17},
  langid = {english}
}

@inproceedings{pielotDidYouMisclick2024,
  title = {Did {{You Misclick}}? {{Reversing}} 5-{{Point Satisfaction Scales Causes Unintended Responses}}},
  shorttitle = {Did {{You Misclick}}?},
  booktitle = {Proceedings of the {{CHI Conference}} on {{Human Factors}} in {{Computing Systems}}},
  author = {Pielot, Martin and Callegaro, Mario},
  year = {2024},
  month = may,
  pages = {1--7},
  publisher = {ACM},
  address = {Honolulu HI USA},
  doi = {10.1145/3613904.3642397},
  urldate = {2024-06-13},
  langid = {english}
}

@article{polmanWhyAreMaximizers2010,
  title = {Why Are Maximizers Less Happy than Satisficers? {{Because}} They Maximize Positive and Negative Outcomes},
  shorttitle = {Why Are Maximizers Less Happy than Satisficers?},
  author = {Polman, Evan},
  year = {2010},
  journal = {Journal of Behavioral Decision Making},
  volume = {23},
  number = {2},
  pages = {179--190},
  issn = {1099-0771},
  doi = {10.1002/bdm.647},
  urldate = {2024-07-01},
  copyright = {Copyright {\copyright} 2009 John Wiley \& Sons, Ltd.},
  langid = {english}
}

@inproceedings{pooleConflictManagementGroup1988,
  title = {Conflict Management and Group Decision Support Systems},
  booktitle = {Proceedings of the 1988 {{ACM}} Conference on {{Computer-supported}} Cooperative Work},
  author = {Poole, Marshall Scott and Homes, Michael and DeSanctis, Gerardine},
  year = {1988},
  month = jan,
  series = {{{CSCW}} '88},
  pages = {227--243},
  publisher = {Association for Computing Machinery},
  address = {New York, NY, USA},
  doi = {10.1145/62266.62284},
  urldate = {2024-07-02}
}

@book{posner2018radical,
  title = {Radical Markets: {{Uprooting}} Capitalism and Democracy for a Just Society},
  author = {Posner, Eric A and Weyl, E Glen},
  year = {2018},
  publisher = {Princeton University Press}
}

@article{potakaWhatEyeDoesn2007,
  title = {What the Eye Doesn't See: {{A}} Feasibility Study to Evaluate Eye-Tracking Technology as a Tool for Paper-Based Questionnaire Development},
  author = {Potaka, Lyn},
  year = {2007},
  journal = {Proceedings from Quest},
  pages = {162--171}
}

@article{pulestonGAMEEXPERIMENTS2011,
  title = {{{THE GAME EXPERIMENTS}}},
  author = {Puleston, Jon and Sleep, Deborah},
  year = {2011},
  pages = {28},
  langid = {english}
}

@misc{QuadraticVotingColorado,
  title = {Quadratic {{Voting}} in {{Colorado}}},
  journal = {RadicalxChange},
  urldate = {2024-06-13},
  howpublished = {https://www.radicalxchange.org/wiki/colorado-qv/},
  langid = {english}
}

@misc{QuadraticVotingFrontend2022,
  title = {Quadratic {{Voting Frontend}}},
  author = {{PDSI}},
  year = {2022},
  month = jan,
  urldate = {2023-12-16},
  copyright = {MIT},
  howpublished = {Public Digital Innovation Space}
}

@misc{QuadraticVotingNew,
  title = {Quadratic {{Voting}} in {{New York City}}},
  journal = {RadicalxChange},
  urldate = {2024-12-06},
  howpublished = {https://www.radicalxchange.org/wiki/nyc-qv/},
  langid = {english}
}

@article{quarfoot2017quadratic,
  title = {Quadratic Voting in the Wild: Real People, Real Votes},
  author = {Quarfoot, David and {von Kohorn}, Douglas and Slavin, Kevin and Sutherland, Rory and Goldstein, David and Konar, Ellen},
  year = {2017},
  journal = {Public Choice},
  volume = {172},
  number = {1-2},
  pages = {283--303},
  publisher = {Springer}
}

@article{quesenberyOpinionGoodDesign2020,
  title = {Opinion {\textbar} {{Good Design Is}} the {{Secret}} to {{Better Democracy}}},
  author = {Quesenbery, Whitney},
  year = {2020},
  month = oct,
  journal = {The New York Times},
  issn = {0362-4331},
  urldate = {2024-06-17},
  chapter = {Opinion},
  langid = {american}
}

@misc{radicalxchange,
  title = {About},
  author = {{RadicalxChange}},
  journal = {RadicalxChange},
  urldate = {2024-06-17},
  howpublished = {https://www.radicalxchange.org/wiki/about},
  langid = {english}
}

@misc{RadicalxChangeQuadraticVoting2024,
  title = {Quadratic Voting},
  author = {{RadicalxChange Foundation}},
  year = {2024},
  month = may,
  urldate = {2024-06-17}
}

@article{ravendranUsabilityEvaluationTagbased2012,
  title = {Usability Evaluation of a Tag-Based Interface},
  author = {Ravendran, Rajinesh and MacColl, Ian and Docherty, Michael},
  year = {2012},
  month = aug,
  journal = {Journal of Usability Studies},
  volume = {7},
  number = {4},
  pages = {143--160},
  issn = {1931-3357}
}

@inproceedings{reis2012towards,
  title = {Towards Reducing Cognitive Load and Enhancing Usability through a Reduced Graphical User Interface for a Dynamic Geometry System: {{An}} Experimental Study},
  booktitle = {2012 {{IEEE}} International Symposium on Multimedia},
  author = {Reis, Helena M and Borges, Simone S and Durelli, Vinicius HS and Moro, Luis Fernando de S and Brandao, Anarosa AF and Barbosa, Ellen F and Brandao, Le{\^o}nidas O and Isotani, Seiji and Jaques, Patricia A and Bittencourt, Ig I},
  year = {2012},
  pages = {445--450},
  publisher = {IEEE}
}

@inproceedings{resnickGroupLensOpenArchitecture1994,
  title = {{{GroupLens}}: An Open Architecture for Collaborative Filtering of Netnews},
  shorttitle = {{{GroupLens}}},
  booktitle = {Proceedings of the 1994 {{ACM}} Conference on {{Computer}} Supported Cooperative Work},
  author = {Resnick, Paul and Iacovou, Neophytos and Suchak, Mitesh and Bergstrom, Peter and Riedl, John},
  year = {1994},
  month = oct,
  series = {{{CSCW}} '94},
  pages = {175--186},
  publisher = {Association for Computing Machinery},
  address = {New York, NY, USA},
  doi = {10.1145/192844.192905},
  urldate = {2024-07-02}
}

@article{revillaTestingDifferentRank2018,
  title = {Testing Different Rank Order Question Layouts for {{PC}} and Smartphone Respondents},
  author = {Revilla, Melanie and Couper, Mick P.},
  year = {2018},
  month = nov,
  journal = {International Journal of Social Research Methodology},
  volume = {21},
  number = {6},
  pages = {695--712},
  issn = {1364-5579, 1464-5300},
  doi = {10.1080/13645579.2018.1471371},
  urldate = {2022-08-02},
  langid = {english}
}

@article{rintoulVisualAnimatedResponse,
  title = {Visual and Animated Response Formats in Web Surveys: {{Do}} They Produce Better Data, or Is It All Just Fun and Games?},
  author = {Rintoul, Duncan},
  pages = {126},
  langid = {english}
}

@article{rogersColoradoTriedNew2019,
  title = {Colorado {{Tried}} a {{New Way}} to {{Vote}}: {{Make People Pay}}---{{Quadratically}} {\textbar} {{WIRED}}},
  author = {Rogers, Adam},
  year = {2019},
  month = apr,
  journal = {Wired},
  urldate = {2024-06-22}
}

@misc{rohrerDesirabilityStudiesMeasuring2008,
  title = {Desirability {{Studies}}: {{Measuring Aesthetic Response}} to {{Visual Designs}}},
  shorttitle = {Desirability {{Studies}}},
  author = {Rohrer, Christian P.},
  year = {2008},
  month = oct,
  journal = {XDStrategy},
  urldate = {2022-01-14},
  langid = {american}
}

@article{rubioEvaluationSubjectiveMental2004,
  title = {Evaluation of {{Subjective Mental Workload}}: {{A Comparison}} of {{SWAT}}, {{NASA-TLX}}, and {{Workload Profile Methods}}},
  shorttitle = {Evaluation of {{Subjective Mental Workload}}},
  author = {Rubio, Susana and D{\'i}az, Eva and Mart{\'i}n, Jes{\'u}s and Puente, Jos{\'e} M.},
  year = {2004},
  journal = {Applied Psychology},
  volume = {53},
  number = {1},
  pages = {61--86},
  issn = {1464-0597},
  doi = {10.1111/j.1464-0597.2004.00161.x},
  urldate = {2023-12-16},
  langid = {english}
}

@article{saaty2003magic,
  title = {Why the Magic Number Seven plus or Minus Two},
  author = {Saaty, Thomas L and Ozdemir, Mujgan S},
  year = {2003},
  journal = {Mathematical and computer modelling},
  volume = {38},
  number = {3-4},
  pages = {233--244},
  publisher = {Elsevier}
}

@book{saatyGroupDecisionMaking2013,
  title = {Group {{Decision Making}}: {{Drawing Out}} and {{Reconciling Differences}}},
  shorttitle = {Group {{Decision Making}}},
  author = {Saaty, Thomas L. and Peniwati, Kirti},
  year = {2013},
  month = nov,
  publisher = {RWS Publications},
  googlebooks = {rGwXAgAAQBAJ},
  langid = {english}
}

@inproceedings{saatyPrinciplesAnalyticHierarchy1987,
  title = {Principles of the {{Analytic Hierarchy Process}}},
  booktitle = {Expert {{Judgment}} and {{Expert Systems}}},
  author = {Saaty, Thomas L.},
  editor = {Mumpower, Jeryl L. and Renn, Ortwin and Phillips, Lawrence D. and Uppuluri, V. R. R.},
  year = {1987},
  pages = {27--73},
  publisher = {Springer},
  address = {Berlin, Heidelberg},
  doi = {10.1007/978-3-642-86679-1_3},
  langid = {english}
}

@article{scheibehenneCanThereEver2010,
  title = {Can {{There Ever Be Too Many Options}}? {{A Meta-Analytic Review}} of {{Choice Overload}}},
  shorttitle = {Can {{There Ever Be Too Many Options}}?},
  author = {Scheibehenne, Benjamin and Greifeneder, Rainer and Todd, Peter M.},
  year = {2010},
  month = oct,
  journal = {Journal of Consumer Research},
  volume = {37},
  number = {3},
  pages = {409--425},
  issn = {0093-5301, 1537-5277},
  doi = {10.1086/651235},
  urldate = {2022-05-31},
  langid = {english}
}

@article{schwartzMaximizingSatisficingHappiness2002,
  title = {Maximizing versus Satisficing: {{Happiness}} Is a Matter of Choice},
  shorttitle = {Maximizing versus Satisficing},
  author = {Schwartz, Barry and Ward, Andrew and Monterosso, John and Lyubomirsky, Sonja and White, Katherine and Lehman, Darrin R.},
  year = {2002},
  journal = {Journal of Personality and Social Psychology},
  volume = {83},
  number = {5},
  pages = {1178--1197},
  publisher = {American Psychological Association},
  address = {US},
  issn = {1939-1315},
  doi = {10.1037/0022-3514.83.5.1178}
}

@misc{ScratchVoteProceedings,
  title = {Scratch \& Vote {\textbar} {{Proceedings}} of the 5th {{ACM}} Workshop on {{Privacy}} in Electronic Society},
  urldate = {2022-01-14},
  howpublished = {https://dl-acm-org.proxy2.library.illinois.edu/doi/10.1145/1179601.1179607}
}

@article{selkerMethodologyTestingVoting,
  title = {A {{Methodology}} for {{Testing Voting Systems}}},
  author = {Selker, Ted and Rosenzweig, Elizabeth and Pandolfo, Anna},
  pages = {15},
  langid = {english}
}

@inproceedings{selkerVotingUserExperience2003,
  title = {Voting: {{User}} Experience, Technology and Practice},
  booktitle = {{{CHI}} '03 Extended Abstracts on Human Factors in Computing Systems},
  author = {Selker, Ted and Fischer, Eric A. and Bederson, Benjamin B. and Mccormack, Conny and Nass, Clifford},
  year = {2003},
  series = {{{CHI EA}} '03},
  pages = {700--701},
  publisher = {Association for Computing Machinery},
  address = {New York, NY, USA},
  doi = {10.1145/765891.765937}
}

@article{senathirajahClinicianDriverSeat2014,
  title = {The Clinician in the {{Driver}}'s {{Seat}}: {{Part}} 1 -- {{A}} Drag/Drop User-Composable Electronic Health Record Platform},
  shorttitle = {The Clinician in the {{Driver}}'s {{Seat}}},
  author = {Senathirajah, Yalini and Bakken, Suzanne and Kaufman, David},
  year = {2014},
  month = dec,
  journal = {Journal of Biomedical Informatics},
  volume = {52},
  pages = {165--176},
  issn = {15320464},
  doi = {10.1016/j.jbi.2014.09.002},
  urldate = {2022-05-31},
  langid = {english}
}

@article{seppCognitiveLoadTheory2019,
  title = {Cognitive {{Load Theory}} and {{Human Movement}}: {{Towards}} an {{Integrated Model}} of {{Working Memory}}},
  shorttitle = {Cognitive {{Load Theory}} and {{Human Movement}}},
  author = {Sepp, Stoo and Howard, Steven J. and {Tindall-Ford}, Sharon and Agostinho, Shirley and Paas, Fred},
  year = {2019},
  month = jun,
  journal = {Educational Psychology Review},
  volume = {31},
  number = {2},
  pages = {293--317},
  issn = {1573-336X},
  doi = {10.1007/s10648-019-09461-9},
  urldate = {2022-08-07},
  langid = {english}
}

@article{Shah2015a,
  title = {Scarcity Frames Value},
  author = {Shah, Anuj K. and Shafir, Eldar and Mullainathan, Sendhil},
  year = {2015},
  journal = {Psychological Science},
  volume = {26},
  number = {4},
  pages = {402--412}
}

@inproceedings{shneidermanDirectManipulationComprehensible1997,
  title = {Direct Manipulation for Comprehensible, Predictable and Controllable User Interfaces},
  booktitle = {Proceedings of the 2nd International Conference on {{Intelligent}} User Interfaces  - {{IUI}} '97},
  author = {Shneiderman, Ben},
  year = {1997},
  pages = {33--39},
  publisher = {ACM Press},
  address = {Orlando, Florida, United States},
  doi = {10.1145/238218.238281},
  urldate = {2022-07-26},
  langid = {english}
}

@article{shneidermanDirectManipulationStep1983,
  title = {Direct {{Manipulation}}: {{A Step Beyond Programming Languages}}},
  shorttitle = {Direct {{Manipulation}}},
  author = {{Shneiderman}},
  year = {1983},
  month = aug,
  journal = {Computer},
  volume = {16},
  number = {8},
  pages = {57--69},
  issn = {0018-9162},
  doi = {10.1109/MC.1983.1654471},
  urldate = {2022-07-26},
  langid = {english}
}

@article{shneidermanDirectManipulationVs1997,
  title = {Direct Manipulation vs. Interface Agents},
  author = {Shneiderman, Ben and Maes, Pattie},
  year = {1997},
  month = nov,
  journal = {Interactions},
  volume = {4},
  number = {6},
  pages = {42--61},
  issn = {1072-5520, 1558-3449},
  doi = {10.1145/267505.267514},
  urldate = {2024-06-26},
  langid = {english}
}

@article{simonBehavioralModelRational1955,
  title = {A {{Behavioral Model}} of {{Rational Choice}}},
  author = {Simon, Herbert A.},
  year = {1955},
  journal = {The Quarterly Journal of Economics},
  volume = {69},
  number = {1},
  eprint = {1884852},
  eprinttype = {jstor},
  pages = {99--118},
  publisher = {Oxford University Press},
  issn = {0033-5533},
  doi = {10.2307/1884852},
  urldate = {2024-06-17}
}

@book{simonSciencesArtificial1996,
  title = {The Sciences of the Artificial},
  author = {Simon, Herbert A.},
  year = {1996},
  edition = {3rd ed},
  publisher = {MIT Press},
  address = {Cambridge, Mass},
  lccn = {Q175 .S564 1996}
}

@article{softwareBrad2021,
  title = {To Reuse or Not to Reuse? {{A}} Framework and System for Evaluating Summarized Knowledge},
  author = {Liu, Michael Xieyang and Kittur, Aniket and Myers, Brad A.},
  year = {2021},
  month = apr,
  journal = {Proc. ACM Hum.-Comput. Interact.},
  volume = {5},
  number = {CSCW1},
  publisher = {Association for Computing Machinery},
  address = {New York, NY, USA},
  doi = {10.1145/3449240},
  articleno = {166},
  issue_date = {April 2021}
}

@misc{southPluralManagement2024,
  type = {{{SSRN Scholarly Paper}}},
  title = {Plural {{Management}}},
  author = {South, Tobin and Erichsen, Leon and Jain, Shrey and Maymounkov, Petar and Moore, Scott and Weyl, E. Glen},
  year = {2024},
  month = jan,
  number = {4688040},
  address = {Rochester, NY},
  doi = {10.2139/ssrn.4688040},
  urldate = {2024-06-17},
  langid = {english}
}

@article{spassovaTakingLoadOut,
  title = {Taking the {{Load}} out of {{Choice Overload}}: {{Strategies}} for {{Reducing Cognitive Difficulty}} in {{Choice}} from {{Extensive Assortments}}},
  author = {Spassova, Gergana},
  pages = {5},
  langid = {english}
}

@techreport{stewart2005caltech,
  title = {Caltech/{{MIT}} Voting Technology Project},
  author = {Stewart III, Charles},
  year = {2005},
  institution = {VTP Working Paper}
}

@incollection{strackThinkingJudgingCommunicating1987,
  title = {Thinking, {{Judging}}, and {{Communicating}}: {{A Process Account}} of {{Context Effects}} in {{Attitude Surveys}}},
  shorttitle = {Thinking, {{Judging}}, and {{Communicating}}},
  booktitle = {Social {{Information Processing}} and {{Survey Methodology}}},
  author = {Strack, Fritz and Martin, Leonard L.},
  editor = {Hippler, Hans-J. and Schwarz, Norbert and Sudman, Seymour},
  year = {1987},
  series = {Recent {{Research}} in {{Psychology}}},
  pages = {123--148},
  publisher = {Springer},
  address = {New York, NY},
  doi = {10.1007/978-1-4612-4798-2_7},
  urldate = {2023-08-20},
  langid = {english}
}

@inproceedings{summers2014making,
  title = {Making Voting Accessible: Designing Digital Ballot Marking for People with Low Literacy and Mild Cognitive Disabilities},
  booktitle = {2014 Electronic Voting Technology {{Workshop}}/{{Workshop}} on Trustworthy Elections ({{EVT}}/{{WOTE}} 14)},
  author = {Summers, Kathryn and Chisnell, Dana and Davies, Drew and Alton, Noel and McKeever, Megan},
  year = {2014}
}

@article{svensonDifferentiationConsolidationTheory1992,
  title = {Differentiation and Consolidation Theory of Human Decision Making: {{A}} Frame of Reference for the Study of Pre- and Post-Decision Processes},
  shorttitle = {Differentiation and Consolidation Theory of Human Decision Making},
  author = {Svenson, Ola},
  year = {1992},
  month = aug,
  journal = {Acta Psychologica},
  volume = {80},
  number = {1-3},
  pages = {143--168},
  issn = {00016918},
  doi = {10.1016/0001-6918(92)90044-E},
  urldate = {2024-06-22},
  copyright = {https://www.elsevier.com/tdm/userlicense/1.0/},
  langid = {english}
}

@incollection{swellerCognitiveLoadTheory2011,
  title = {Cognitive {{Load Theory}}},
  booktitle = {Psychology of {{Learning}} and {{Motivation}}},
  author = {Sweller, John},
  year = {2011},
  volume = {55},
  pages = {37--76},
  publisher = {Elsevier},
  doi = {10.1016/B978-0-12-387691-1.00002-8},
  urldate = {2024-06-18},
  langid = {english}
}

@inproceedings{task2014,
  title = {Task-Centric Interfaces for Feature-Rich Software},
  booktitle = {Proceedings of the 26th Australian Computer-Human Interaction Conference on Designing Futures: {{The}} Future of Design},
  author = {Lafreniere, Benjamin and Bunt, Andrea and Terry, Michael},
  year = {2014},
  series = {{{OzCHI}} '14},
  pages = {49--58},
  publisher = {Association for Computing Machinery},
  address = {New York, NY, USA},
  doi = {10.1145/2686612.2686620}
}

@misc{teamTaiwanDigitalMinister,
  title = {Taiwan Digital Minister Highlights Country's Use of Technology to Bolster Democracy in {{FT}} Interview},
  author = {{Taipei Representative Office in the U.K.}},
  year = {2024},
  langid = {english}
}

@book{thalerNudgeImprovingDecisions2008a,
  title = {Nudge: {{Improving}} Decisions about Health, Wealth, and Happiness},
  shorttitle = {Nudge},
  author = {Thaler, Richard H. and Sunstein, Cass R.},
  year = {2008},
  series = {Nudge: {{Improving}} Decisions about Health, Wealth, and Happiness},
  pages = {x, 293},
  publisher = {Yale University Press},
  address = {New Haven, CT, US}
}

@article{thurstoneRankOrderPsychophysical1931,
  title = {Rank Order as a Psycho-Physical Method.},
  author = {Thurstone, L. L.},
  year = {1931},
  month = jun,
  journal = {Journal of Experimental Psychology},
  volume = {14},
  number = {3},
  pages = {187--201},
  issn = {0022-1015},
  doi = {10.1037/h0070025},
  urldate = {2022-01-14},
  langid = {english}
}

@phdthesis{timbrook2013comparison,
  title = {A Comparison of a Traditional Ranking Format to a Drag-and-Drop Format with Stacking},
  author = {Timbrook, Jerry P},
  year = {2013},
  school = {University of Dayton}
}

@article{timbrookMasterArtsPsychology,
  title = {Master of {{Arts}} in {{Psychology}}},
  author = {Timbrook, Jerry Parmilee},
  pages = {128},
  langid = {english}
}

@article{toddInfluenceDecisionAids1994,
  title = {The Influence of Decision Aids on Choice Strategies under Conditions of High Cognitive Load},
  author = {Todd, P.A. and Benbasat, I.},
  year = {1994},
  month = apr,
  journal = {IEEE Transactions on Systems, Man, and Cybernetics},
  volume = {24},
  number = {4},
  pages = {537--547},
  issn = {0018-9472, 2168-2909},
  doi = {10.1109/21.286376},
  urldate = {2022-05-31},
  langid = {english}
}

@article{toepoelSlidersVisualAnalogue2018,
  title = {Sliders, Visual Analogue Scales, or Buttons: {{Influence}} of Formats and Scales in Mobile and Desktop Surveys},
  shorttitle = {Sliders, Visual Analogue Scales, or Buttons},
  author = {Toepoel, Vera and Funke, Frederik},
  year = {2018},
  month = apr,
  journal = {Mathematical Population Studies},
  volume = {25},
  number = {2},
  pages = {112--122},
  issn = {0889-8480, 1547-724X},
  doi = {10.1080/08898480.2018.1439245},
  urldate = {2022-08-01},
  langid = {english}
}

@article{toepoelSmileysStarsHearts2019,
  title = {Smileys, {{Stars}}, {{Hearts}}, {{Buttons}}, {{Tiles}} or {{Grids}}: {{Influence}} of {{Response Format}} on {{Substantive Response}}, {{Questionnaire Experience}} and {{Response Time}}},
  shorttitle = {Smileys, {{Stars}}, {{Hearts}}, {{Buttons}}, {{Tiles}} or {{Grids}}},
  author = {Toepoel, Vera and Vermeeren, Brenda and Metin, Baran},
  year = {2019},
  month = apr,
  journal = {Bulletin of Sociological Methodology/Bulletin de M{\'e}thodologie Sociologique},
  volume = {142},
  number = {1},
  pages = {57--74},
  issn = {0759-1063, 2070-2779},
  doi = {10.1177/0759106319834665},
  urldate = {2024-06-13},
  langid = {english}
}

@article{townsendVisualPreferenceHeuristic,
  title = {The ``{{Visual Preference Heuristic}}'': {{The Influence}} of {{Visual}} versus {{Verbal Depiction}} on {{Assortment Processing}}, {{Perceived Variety}}, and {{Choice Overload}}},
  author = {Townsend, Claudia and Kahn, Barbara E},
  journal = {JOURNAL OF CONSUMER RESEARCH},
  pages = {23},
  langid = {english}
}

@article{townsendVisualPreferenceHeuristic2014,
  title = {The ``{{Visual Preference Heuristic}}'': {{The Influence}} of {{Visual}} versus {{Verbal Depiction}} on {{Assortment Processing}}, {{Perceived Variety}}, and {{Choice Overload}}},
  shorttitle = {The ``{{Visual Preference Heuristic}}''},
  author = {Townsend, Claudia and Kahn, Barbara E.},
  year = {2014},
  month = feb,
  journal = {Journal of Consumer Research},
  volume = {40},
  number = {5},
  pages = {993--1015},
  issn = {0093-5301, 1537-5277},
  doi = {10.1086/673521},
  urldate = {2022-05-31},
  langid = {english}
}

@article{tullisComparisonQuestionnairesAssessing2006,
  title = {A {{Comparison}} of {{Questionnaires}} for {{Assessing Website Usability}}},
  author = {Tullis, Thomas and Stetson, Jacqueline},
  year = {2006},
  month = jun
}

@inproceedings{turnbullRatingVotingRanking2007,
  title = {Rating, Voting \& Ranking: Designing for Collaboration \& Consensus},
  shorttitle = {Rating, Voting \& Ranking},
  booktitle = {{{CHI}} '07 {{Extended Abstracts}} on {{Human Factors}} in {{Computing Systems}}},
  author = {Turnbull, Don},
  year = {2007},
  month = apr,
  pages = {2705--2710},
  publisher = {ACM},
  address = {San Jose CA USA},
  doi = {10.1145/1240866.1241066},
  urldate = {2022-12-04},
  langid = {english}
}

@incollection{tverskyJudgmentsRepresentativeness,
  title = {Judgments of and by Representativeness},
  booktitle = {Judgment under Uncertainty: {{Heuristics}} and Biases},
  author = {Tversky, Amos and Kahneman, Daniel},
  editor = {Kahneman, Daniel and Slovic, Paul and Tversky, AmosEditors},
  year = {1982},
  pages = {84--98},
  publisher = {Cambridge University Press},
  address = {Cambridge}
}

@article{tverskyJudgmentUncertaintyHeuristics1974,
  title = {Judgment under {{Uncertainty}}: {{Heuristics}} and {{Biases}}},
  shorttitle = {Judgment under {{Uncertainty}}},
  author = {Tversky, Amos and Kahneman, Daniel},
  year = {1974},
  journal = {Science},
  volume = {185},
  number = {4157},
  eprint = {1738360},
  eprinttype = {jstor},
  pages = {1124--1131},
  publisher = {American Association for the Advancement of Science},
  issn = {0036-8075},
  urldate = {2024-06-21}
}

@inproceedings{ugur2015evaluating,
  title = {Evaluating Smartphone-Based User Interface Designs for a 2d Psychological Questionnaire},
  booktitle = {Proceedings of the 2015 {{ACM}} International Joint Conference on Pervasive and Ubiquitous Computing},
  author = {Ugur, Muhsin and Shastri, Dvijesh and Tsiamyrtzis, Panagiotis and Dcosta, Malcolm and Kalpakci, Allison and Sharp, Carla and Pavlidis, Ioannis},
  year = {2015},
  pages = {275--282}
}

@misc{UsabilityCodeVoting,
  title = {Usability of {{Code Voting Modalities}} {\textbar} {{Extended Abstracts}} of the 2019 {{CHI Conference}} on {{Human Factors}} in {{Computing Systems}}},
  urldate = {2022-01-14},
  howpublished = {https://dl-acm-org.proxy2.library.illinois.edu/doi/10.1145/3290607.3312971}
}

@misc{UsabilityVotingSystems,
  title = {Usability of Voting Systems {\textbar} {{Proceedings}} of the {{SIGCHI Conference}} on {{Human Factors}} in {{Computing Systems}}},
  urldate = {2022-01-14},
  howpublished = {https://dl-acm-org.proxy2.library.illinois.edu/doi/10.1145/1240624.1240653}
}

@misc{UserResearchVoting,
  title = {User Research of a Voting Machine: Preliminary Findings and Experiences: {{Journal}} of {{Usability Studies}}: {{Vol}} 2, {{No}} 4},
  urldate = {2022-01-14},
  howpublished = {https://dl-acm-org.proxy2.library.illinois.edu/doi/10.5555/2835552.2835555}
}

@misc{UVoteProceedings5th,
  title = {U-{{Vote}} {\textbar} {{Proceedings}} of the 5th {{Annual Workshop}} on {{Cyber Security}} and {{Information Intelligence Research}}: {{Cyber Security}} and {{Information Intelligence Challenges}} and {{Strategies}}},
  urldate = {2022-01-14},
  howpublished = {https://dl-acm-org.proxy2.library.illinois.edu/doi/10.1145/1558607.1558665}
}

@article{van2007design,
  title = {Design Parameters of Rating Scales for Web Sites},
  author = {Van Schaik, Paul and Ling, Jonathan},
  year = {2007},
  journal = {ACM Transactions on Computer-Human Interaction (TOCHI)},
  volume = {14},
  number = {1},
  pages = {4--es},
  publisher = {ACM New York, NY, USA}
}

@misc{VerifiableAnonymousVote,
  title = {Verifiable Anonymous Vote Submission {\textbar} {{Proceedings}} of the 2008 {{ACM}} Symposium on {{Applied}} Computing},
  urldate = {2022-01-14},
  howpublished = {https://dl-acm-org.proxy2.library.illinois.edu/doi/10.1145/1363686.1364202}
}

@misc{VisualzationCognitiveLoad,
  title = {Visualzation, Cognitive Load - {{Google Search}}},
  urldate = {2023-12-15},
  howpublished = {https://www.google.com/search?q=visualzation\%2C+cognitive+load\&oq=visualzation\%2C+cognitive+load\&gs\_lcrp=EgZjaHJvbWUyBggAEEUYOTIICAEQABgWGB4yDQgCEAAYhgMYgAQYigUyDQgDEAAYhgMYgAQYigUyDQgEEAAYhgMYgAQYigUyDQgFEAAYhgMYgAQYigUyBggGEEUYQNIBCDQyOTNqMGoxqAIAsAIA\&sourceid=chrome\&ie=UTF-8\#ip=1}
}

@article{voiceWei2022,
  title = {Understanding How to Administer Voice Surveys through Smart Speakers},
  author = {Wei, Jing and Jiang, Weiwei and Wang, Chaofan and Yu, Difeng and Goncalves, Jorge and Dingler, Tilman and Kostakos, Vassilis},
  year = {2022},
  month = nov,
  journal = {Proc. ACM Hum.-Comput. Interact.},
  volume = {6},
  number = {CSCW2},
  pages = {548},
  publisher = {Association for Computing Machinery},
  address = {New York, NY, USA},
  doi = {10.1145/3555606},
  articleno = {548},
  issue_date = {November 2022}
}

@inproceedings{vonzezschwitzQuantifyingEffectivePassword2016,
  title = {On Quantifying the Effective Password Space of Grid-Based Unlock Gestures},
  booktitle = {Proceedings of the 15th {{International Conference}} on {{Mobile}} and {{Ubiquitous Multimedia}}},
  author = {{von Zezschwitz}, Emanuel and Eiband, Malin and Buschek, Daniel and Oberhuber, Sascha and De Luca, Alexander and Alt, Florian and Hussmann, Heinrich},
  year = {2016},
  month = dec,
  series = {{{MUM}} '16},
  pages = {201--212},
  publisher = {Association for Computing Machinery},
  address = {New York, NY, USA},
  doi = {10.1145/3012709.3012729},
  urldate = {2022-01-14}
}

@misc{VoteEarlyVote,
  title = {Vote {{Early}}, {{Vote Often}}: {{An}} e-Vote by Any Other Name?: {{Queue}}: {{Vol}} 2, {{No}} 6},
  urldate = {2022-01-14},
  howpublished = {https://dl-acm-org.proxy2.library.illinois.edu/doi/10.1145/1028893.1028920}
}

@misc{VoteMeProceedings,
  title = {Vote {{For Me}}! {\textbar} {{Proceedings}} of the 18th {{International Conference}} on {{Autonomous Agents}} and {{MultiAgent Systems}}},
  urldate = {2022-01-14},
  howpublished = {https://dl-acm-org.proxy2.library.illinois.edu/doi/10.5555/3306127.3331955}
}

@misc{VotingVoteCapture,
  title = {Voting, Vote Capture \& Vote Counting Symposium {\textbar} {{Proceedings}} of the 2005 National Conference on {{Digital}} Government Research},
  urldate = {2022-01-14},
  howpublished = {https://dl-acm-org.proxy2.library.illinois.edu/doi/10.5555/1065226.1065282}
}

@article{wallaceComparisonTraditionalRankingTask,
  title = {A {{Comparison}} of a {{Traditional Ranking-Task}} and a},
  author = {Wallace, Linda},
  pages = {85},
  langid = {english}
}

@article{wandButterflyDidIt2001,
  title = {The {{Butterfly Did It}}: {{The Aberrant Vote}} for {{Buchanan}} in {{Palm Beach County}}, {{Florida}}},
  shorttitle = {The {{Butterfly Did It}}},
  author = {Wand, Jonathan N. and Shotts, Kenneth W. and Sekhon, Jasjeet S. and Mebane, Walter R. and Herron, Michael C. and Brady, Henry E.},
  year = {2001},
  journal = {The American Political Science Review},
  volume = {95},
  number = {4},
  eprint = {3117714},
  eprinttype = {jstor},
  pages = {793--810},
  publisher = {[American Political Science Association, Cambridge University Press]},
  issn = {0003-0554},
  urldate = {2023-12-16}
}

@article{weijtersEffectRatingScale2010,
  title = {The Effect of Rating Scale Format on Response Styles: {{The}} Number of Response Categories and Response Category Labels},
  shorttitle = {The Effect of Rating Scale Format on Response Styles},
  author = {Weijters, Bert and Cabooter, Elke and Schillewaert, Niels},
  year = {2010},
  month = sep,
  journal = {International Journal of Research in Marketing},
  volume = {27},
  number = {3},
  pages = {236--247},
  issn = {0167-8116},
  doi = {10.1016/j.ijresmar.2010.02.004},
  urldate = {2024-06-13}
}

@article{weijtersExtremityHorizontalVertical2021,
  title = {Extremity in Horizontal and Vertical {{Likert}} Scale Format Responses. {{Some}} Evidence on How Visual Distance between Response Categories Influences Extreme Responding},
  author = {Weijters, Bert and Millet, Kobe and Cabooter, Elke},
  year = {2021},
  month = mar,
  journal = {International Journal of Research in Marketing},
  volume = {38},
  number = {1},
  pages = {85--103},
  issn = {01678116},
  doi = {10.1016/j.ijresmar.2020.04.002},
  urldate = {2022-01-14},
  langid = {english}
}

@article{wickens1990proximity,
  title = {Proximity Compatibility and Information Display: {{Effects}} of Color, Space, and Objectness on Information Integration},
  author = {Wickens, Christopher D and Andre, Anthony D},
  year = {1990},
  journal = {Human factors},
  volume = {32},
  number = {1},
  pages = {61--77},
  publisher = {SAGE Publications Sage CA: Los Angeles, CA}
}

@article{wickens1995proximity,
  title = {The Proximity Compatibility Principle: {{Its}} Psychological Foundation and Relevance to Display Design},
  author = {Wickens, Christopher D and Carswell, C Melody},
  year = {1995},
  journal = {Human factors},
  volume = {37},
  number = {3},
  pages = {473--494},
  publisher = {SAGE Publications Sage CA: Los Angeles, CA}
}

@book{wilsonProceedings1996Academy2015,
  title = {Proceedings of the 1996 {{Academy}} of {{Marketing Science}} ({{AMS}}) {{Annual Conference}}: {{Phoenix}}, {{Arizona}}, {{May}} 29-{{June}} 1, 1996},
  shorttitle = {Proceedings of the 1996 {{Academy}} of {{Marketing Science}} ({{AMS}}) {{Annual Conference}}},
  author = {Wilson, Elizabeth J. and Hair, Joseph F. and Sartwell, Susan},
  year = {2015},
  series = {Developments in Marketing Science},
  publisher = {Springer},
  address = {Cham},
  collaborator = {{Academy of Marketing Science}},
  langid = {english},
  lccn = {658.8}
}

@article{xiaoLetMeAsk2021,
  title = {Let {{Me Ask You This}}: {{How Can}} a {{Voice Assistant Elicit Explicit User Feedback}}?},
  shorttitle = {Let {{Me Ask You This}}},
  author = {Xiao, Ziang and Mennicken, Sarah and Huber, Bernd and Shonkoff, Adam and Thom, Jennifer},
  year = {2021},
  month = oct,
  journal = {Proceedings of the ACM on Human-Computer Interaction},
  volume = {5},
  number = {CSCW2},
  pages = {1--24},
  issn = {2573-0142},
  doi = {10.1145/3479532},
  urldate = {2024-07-02},
  langid = {english}
}

@article{xiaoTellMeYourself2020,
  title = {Tell {{Me About Yourself}}: {{Using}} an {{AI-Powered Chatbot}} to {{Conduct Conversational Surveys}} with {{Open-ended Questions}}},
  shorttitle = {Tell {{Me About Yourself}}},
  author = {Xiao, Ziang and Zhou, Michelle X. and Liao, Q. Vera and Mark, Gloria and Chi, Changyan and Chen, Wenxi and Yang, Huahai},
  year = {2020},
  month = jun,
  journal = {ACM Transactions on Computer-Human Interaction},
  volume = {27},
  number = {3},
  pages = {15:1--15:37},
  issn = {1073-0516},
  doi = {10.1145/3381804},
  urldate = {2024-06-13}
}

@article{yanFastTimesEasy2008,
  title = {Fast Times and Easy Questions: The Effects of Age, Experience and Question Complexity on Web Survey Response Times},
  shorttitle = {Fast Times and Easy Questions},
  author = {Yan, Ting and Tourangeau, Roger},
  year = {2008},
  journal = {Applied Cognitive Psychology},
  volume = {22},
  number = {1},
  pages = {51--68},
  issn = {1099-0720},
  doi = {10.1002/acp.1331},
  urldate = {2022-07-31},
  langid = {english}
}

@misc{yehjxraymondYehjxraymondQvapp2024,
  title = {Yehjxraymond/Qv-App},
  author = {{yehjxraymond}},
  year = {2024},
  month = mar,
  urldate = {2024-06-17}
}
